@article{Aad:2012tfa,
       author         = "Aad, Georges and others",
       title          = "Observation of a new particle in the search for the
                         Standard Model {Higgs} boson with the {ATLAS} detector at the
                         {LHC}",
       collaboration  = "ATLAS",
       journal        = "Phys. Lett. B",
       volume         = "716",
       pages          = "1",
       doi            = "10.1016/j.physletb.2012.08.020",
       year           = "2012",
       eprint         = "1207.7214",
       archivePrefix  = "arXiv",
       primaryClass   = "hep-ex",
       reportNumber   = "CERN-PH-EP-2012-218",
       SLACcitation   = "%%CITATION = ARXIV:1207.7214;%%",
}
@article{Chatrchyan:2012ufa,
       author         = "Chatrchyan, Serguei and others",
       title          = "Observation of a new boson at a mass of 125 {GeV} with the
                         {CMS} experiment at the {LHC}",
       collaboration  = "CMS",
       journal        = "Phys. Lett. B",
       volume         = "716",
       pages          = "30",
       doi            = "10.1016/j.physletb.2012.08.021",
       year           = "2012",
       eprint         = "1207.7235",
       archivePrefix  = "arXiv",
       primaryClass   = "hep-ex",
       reportNumber   = "CMS-HIG-12-028, CERN-PH-EP-2012-220",
       SLACcitation   = "%%CITATION = ARXIV:1207.7235;%%",
}
@article{Chatrchyan:2013lba,
      author         = "Chatrchyan, Serguei and others",
      title          = "Observation of a New Boson with Mass Near 125 {GeV} in
                        pp Collisions at $\sqrt{s}$ = 7 and 8 {TeV}",
      collaboration  = "CMS",
      journal        = "JHEP",
      volume         = "06",
      year           = "2013",
      pages          = "081",
      doi            = "10.1007/JHEP06(2013)081",
      eprint         = "1303.4571",
      archivePrefix  = "arXiv",
      primaryClass   = "hep-ex",
      reportNumber   = "CMS-HIG-12-036, CERN-PH-EP-2013-035",
      SLACcitation   = "%%CITATION = ARXIV:1303.4571;%%"
}

@incollection{Martin:1997ns,
        author         = "Martin, Stephen P.",
        title          = "A supersymmetry primer",
        booktitle      = "{Perspectives on Supersymmetry II}",
        note           = "{Adv. Ser. Direct. High Energy Phys.}, vol. 21",
        editor         = "Kane, Gordon L.",
        pages          = "1",
        publisher      = "World Scientific",
        doi            = "10.1142/9789814307505_0001",
        year           = "2010",
        eprint         = "hep-ph/9709356",
        archivePrefix  = "arXiv",
        primaryClass   = "hep-ph",
        SLACcitation   = "%%CITATION = HEP-PH/9709356;%%",
}

@article{Golfand:1971iw,
       author         = "Golfand, {\relax Yu}. A. and Likhtman, E. P.",
       title          = "Extension of the Algebra of {Poincar\'e} Group Generators
                         and Violation of {P} Invariance",
       journal        = "JETP Lett.",
       volume         = "13",
       pages          = "323",
       doi            = "10.1142/9789814542340_0001",
       year           = "1971",
       SLACcitation   = "%%CITATION = JTPLA,13,323;%%",
}

@article{Wess:1974tw,
       author         = "Wess, J. and Zumino, B.",
       title          = "Supergauge Transformations in Four Dimensions",
       journal        = "Nucl. Phys.",
       volume         = "70",
       pages          = "39",
       doi            = "10.1016/0550-3213(74)90355-1",
       year           = "1974",
       SLACcitation   = "%%CITATION = NUPHA,B70,39;%%",
}

@article{Branco:2011iw,
      author         = "Branco, G. C. and Ferreira, P. M. and Lavoura, L. and
                        Rebelo, M. N. and Sher, Marc and Silva, Joao P.",
      title          = "Theory and phenomenology of {two-Higgs-doublet} models",
      journal        = "Phys. Rept.",
      volume         = "516",
      year           = "2012",
      pages          = "1",
      doi            = "10.1016/j.physrep.2012.02.002",
      eprint         = "1106.0034",
      archivePrefix  = "arXiv",
      primaryClass   = "hep-ph",
      SLACcitation   = "%%CITATION = ARXIV:1106.0034;%%"
}

@article{Aoki:2009ha,
      author         = "Aoki, Mayumi and Kanemura, Shinya and Tsumura, Koji and
                        Yagyu, Kei",
      title          = "Models of {Yukawa} interaction in the two {Higgs} doublet
                        model, and their collider phenomenology",
      journal        = "Phys. Rev. D",
      volume         = "80",
      year           = "2009",
      pages          = "015017",
      doi            = "10.1103/PhysRevD.80.015017",
      eprint         = "0902.4665",
      archivePrefix  = "arXiv",
      primaryClass   = "hep-ph",
      reportNumber   = "TU-839, UT-HET-022, IC-2009-007",
      SLACcitation   = "%%CITATION = ARXIV:0902.4665;%%"
}

@article{Ma:1997up,
      author         = "Ma, Ernest and Roy, D. P and Wudka, Jose",
      title          = "{Enhanced three-body decay of the charged Higgs boson}",
      journal        = "Phys. Rev. Lett.",
      volume         = "80",
      year           = "1998",
      pages          = "1162",
      doi            = "10.1103/PhysRevLett.80.1162",
      eprint         = "hep-ph/9710447",
      archivePrefix  = "arXiv",
      primaryClass   = "hep-ph",
      reportNumber   = "UCRHEP-T-203",
      SLACcitation   = "%%CITATION = HEP-PH/9710447;%%"
}

@article{Ade:2013zuv,
      author         = "Ade, P. A. R. and others",
      title          = "{Planck 2013 results. XVI. Cosmological parameters}",
      collaboration  = "Planck",
      journal        = "Astron. Astrophys.",
      volume         = "571",
      year           = "2014",
      pages          = "A16",
      doi            = "10.1051/0004-6361/201321591",
      eprint         = "1303.5076",
      archivePrefix  = "arXiv",
      primaryClass   = "astro-ph.CO",
      reportNumber   = "CERN-PH-TH-2013-129",
      SLACcitation   = "%%CITATION = ARXIV:1303.5076;%%"
}

@article{Ade:2013sjv,
      author         = "Ade, P. A. R. and others",
      title          = "{Planck 2013 results. I. Overview of products and
                        scientific results}",
      collaboration  = "Planck",
      journal        = "Astron. Astrophys.",
      volume         = "571",
      year           = "2014",
      pages          = "A1",
      doi            = "10.1051/0004-6361/201321529",
      eprint         = "1303.5062",
      archivePrefix  = "arXiv",
      primaryClass   = "astro-ph.CO",
      reportNumber   = "CERN-PH-TH-2013-115",
      SLACcitation   = "%%CITATION = ARXIV:1303.5062;%%"
}

@article{Achard:2003gt,
      author         = "Achard, P. and others",
      title          = "Search for charged {Higgs} bosons at {LEP}",
      collaboration  = "L3",
      journal        = "Phys. Lett. B",
      volume         = "575",
      year           = "2003",
      pages          = "208",
      doi            = "10.1016/j.physletb.2003.09.057",
      eprint         = "hep-ex/0309056",
      archivePrefix  = "arXiv",
      primaryClass   = "hep-ex",
      reportNumber   = "CERN-EP-2003-054",
      SLACcitation   = "%%CITATION = HEP-EX/0309056;%%"
}

@article{ArkaniHamed:1998rs,
      author         = "Arkani-Hamed, Nima and Dimopoulos, Savas and Dvali, G.
                        R.",
      title          = "The Hierarchy problem and new dimensions at a
                        millimeter",
      journal        = "Phys. Lett. B",
      volume         = "429",
      year           = "1998",
      pages          = "263",
      doi            = "10.1016/S0370-2693(98)00466-3",
      eprint         = "hep-ph/9803315",
      archivePrefix  = "arXiv",
      primaryClass   = "hep-ph",
      reportNumber   = "SLAC-PUB-7769, SU-ITP-98-13",
      SLACcitation   = "%%CITATION = HEP-PH/9803315;%%"
}

@article{Heister:2002ev,
      author         = "Heister, A. and others",
      title          = "Search for charged {Higgs} bosons in $e^{+} e^{-}$
                        collisions at energies up to $\sqrt{s}$ = 209 {GeV}",
      collaboration  = "ALEPH",
      journal        = "Phys. Lett. B",
      volume         = "543",
      year           = "2002",
      pages          = "1",
      doi            = "10.1016/S0370-2693(02)02380-8",
      eprint         = "hep-ex/0207054",
      archivePrefix  = "arXiv",
      primaryClass   = "hep-ex",
      reportNumber   = "CERN-EP-2002-054",
      SLACcitation   = "%%CITATION = HEP-EX/0207054;%%"
}

@article{Abdallah:2003wd,
      author         = "Abdallah, J. and others",
      title          = "Search for charged {Higgs} bosons at {LEP} in general two
                        {Higgs} doublet models",
      collaboration  = "DELPHI",
      journal        = "Eur. Phys. J. C",
      volume         = "34",
      year           = "2004",
      pages          = "399",
      doi            = "10.1140/epjc/s2004-01732-6",
      eprint         = "hep-ex/0404012",
      archivePrefix  = "arXiv",
      primaryClass   = "hep-ex",
      reportNumber   = "CERN-EP-2003-064",
      SLACcitation   = "%%CITATION = HEP-EX/0404012;%%"
}

@article{Abbiendi:2008aa,
      author         = "Abbiendi, G. and others",
      title          = "Search for Charged {Higgs} Bosons in $e^+e^-$ Collisions
                        at $\sqrt{s} = 189-209$ {GeV}",
      collaboration  = "OPAL",
      journal        = "Eur. Phys. J. C",
      volume         = "72",
      year           = "2012",
      pages          = "2076",
      doi            = "10.1140/epjc/s10052-012-2076-0",
      eprint         = "0812.0267",
      archivePrefix  = "arXiv",
      primaryClass   = "hep-ex",
      reportNumber   = "CERN-PH-EP-2008-016",
      SLACcitation   = "%%CITATION = ARXIV:0812.0267;%%"
}

@article{Abbiendi:2013hk,
      author         = "{ALEPH, DELPHI, L3, and OPAL Collaborations and LEP working group on Higgs boson searches}",
      title          = "Search for Charged {Higgs} bosons: Combined
                        Results Using {LEP} Data",
      journal        = "Eur. Phys. J. C",
      volume         = "73",
      year           = "2013",
      pages          = "2463",
      doi            = "10.1140/epjc/s10052-013-2463-1",
      eprint         = "1301.6065",
      archivePrefix  = "arXiv",
      primaryClass   = "hep-ex",
      reportNumber   = "CERN-PH-EP-2012-369",
      SLACcitation   = "%%CITATION = ARXIV:1301.6065;%%"
}

@article{Aaltonen:2009ke,
       author         = "Aaltonen, T. and others",
       title          = "Search for charged {Higgs} bosons in decays of top quarks
                         in {$\Pp\PAp$} collisions at $\sqrt{s}$ = 1.96 {TeV}",
       collaboration  = "CDF",
       journal        = "Phys. Rev. Lett.",
       volume         = "103",
       pages          = "101803",
       doi            = "10.1103/PhysRevLett.103.101803",
       year           = "2009",
       eprint         = "0907.1269",
       archivePrefix  = "arXiv",
       primaryClass   = "hep-ex",
       reportNumber   = "FERMILAB-PUB-09-343-E",
       SLACcitation   = "%%CITATION = ARXIV:0907.1269;%%",
}

@article{Abazov:2009aa,
       author         = "Abazov, V. M. and others",
       title          = "Search for charged {Higgs} bosons in top quark decays",
       collaboration  = "D0",
       journal        = "Phys. Lett. B",
       volume         = "682",
       pages          = "278",
       doi            = "10.1016/j.physletb.2009.11.016",
       year           = "2009",
       eprint         = "0908.1811",
       archivePrefix  = "arXiv",
       primaryClass   = "hep-ex",
       reportNumber   = "FERMILAB-PUB-09-393-E",
       SLACcitation   = "%%CITATION = ARXIV:0908.1811;%%",
}

@article{Aad:2014kga,
      author         = "Aad, Georges and others",
      title          = "{Search for charged Higgs bosons decaying via $H^{\pm}
                        \rightarrow \tau^{\pm}\nu$ in fully hadronic final states
                        using pp collision data at $\sqrt{s} = 8$ TeV with the
                        ATLAS detector}",
      collaboration  = "ATLAS",
      journal        = "JHEP",
      volume         = "03",
      year           = "2015",
      pages          = "088",
      doi            = "10.1007/JHEP03(2015)088",
      eprint         = "1412.6663",
      archivePrefix  = "arXiv",
      primaryClass   = "hep-ex",
      reportNumber   = "CERN-PH-EP-2014-274",
      SLACcitation   = "%%CITATION = ARXIV:1412.6663;%%"
}

@article{Khachatryan:2015qxa,
      author         = "Khachatryan, Vardan and others",
      title          = "{Search for a charged Higgs boson in pp collisions at $
                        \sqrt{s}=8 $ TeV}",
      collaboration  = "CMS",
      journal        = "JHEP",
      volume         = "11",
      year           = "2015",
      pages          = "018",
      doi            = "10.1007/JHEP11(2015)018",
      eprint         = "1508.07774",
      archivePrefix  = "arXiv",
      primaryClass   = "hep-ex",
      reportNumber   = "CMS-HIG-14-023, CERN-PH-EP-2015-221",
      SLACcitation   = "%%CITATION = ARXIV:1508.07774;%%"
}

@article{Sirunyan:2018dvm,
      author         = "Sirunyan, Albert M and others",
      title          = "{Search for a charged Higgs boson decaying to charm and
                        bottom quarks in proton-proton collisions at $ \sqrt{s}=8
                        $ TeV}",
      collaboration  = "CMS",
      journal        = "JHEP",
      volume         = "11",
      year           = "2018",
      pages          = "115",
      doi            = "10.1007/JHEP11(2018)115",
      eprint         = "1808.06575",
      archivePrefix  = "arXiv",
      primaryClass   = "hep-ex",
      reportNumber   = "CMS-HIG-16-030, CERN-EP-2018-121",
      SLACcitation   = "%%CITATION = ARXIV:1808.06575;%%"
}

@article{Aad:2013hla,
      author         = "Aad, Georges and others",
      title          = "{Search for a light charged Higgs boson in the decay
                        channel $H^+ \to c\bar{s}$ in $t\bar{t}$ events using pp
                        collisions at $\sqrt{s}$ = 7 TeV with the ATLAS detector}",
      collaboration  = "ATLAS",
      journal        = "Eur. Phys. J. C",
      volume         = "73",
      year           = "2013",
      pages          = "2465",
      doi            = "10.1140/epjc/s10052-013-2465-z",
      eprint         = "1302.3694",
      archivePrefix  = "arXiv",
      primaryClass   = "hep-ex",
      reportNumber   = "CERN-PH-EP-2012-338",
      SLACcitation   = "%%CITATION = ARXIV:1302.3694;%%"
}

@article{Khachatryan:2015uua,
      author         = "Khachatryan, Vardan and others",
      title          = "{Search for a light charged Higgs boson decaying to $
                        \mathrm{c}\overline{\mathrm{s}} $ in pp collisions at $
                        \sqrt{s}=8 $ TeV}",
      collaboration  = "CMS",
      journal        = "JHEP",
      volume         = "12",
      year           = "2015",
      pages          = "178",
      doi            = "10.1007/JHEP12(2015)178",
      eprint         = "1510.04252",
      archivePrefix  = "arXiv",
      primaryClass   = "hep-ex",
      reportNumber   = "CMS-HIG-13-035, CERN-PH-EP-2015-266",
      SLACcitation   = "%%CITATION = ARXIV:1510.04252;%%"
}

@article{Sirunyan:2019zdq,
      author         = "Sirunyan, Albert M and others",
      title          = "{Search for a light charged Higgs boson decaying to a W
                        boson and a CP-odd Higgs boson in final states with
                        e$\mu\mu$ or $\mu\mu\mu$ in proton-proton collisions at
                        $\sqrt{s} =$ 13 TeV}",
      collaboration  = "CMS",
      journal        = "Phys. Rev. Lett.",
      volume         = "123",
      year           = "2019",
      pages          = "131802",
      doi            = "10.1103/PhysRevLett.123.131802",
      eprint         = "1905.07453",
      archivePrefix  = "arXiv",
      primaryClass   = "hep-ex",
      reportNumber   = "CMS-HIG-18-020, CERN-EP-2019-083",
      SLACcitation   = "%%CITATION = ARXIV:1905.07453;%%"
}

@article{Sirunyan:2017sbn,
      author         = "Sirunyan, Albert M and others",
      title          = "Search for Charged {Higgs} Bosons Produced via Vector
                        Boson Fusion and Decaying into a Pair of {$W$} and {$Z$}
                        Bosons Using pp Collisions at $\sqrt{s}=13\text{ }\mathrm{TeV}$",
      collaboration  = "CMS",
      journal        = "Phys. Rev. Lett.",
      volume         = "119",
      year           = "2017",
      pages          = "141802",
      doi            = "10.1103/PhysRevLett.119.141802",
      eprint         = "1705.02942",
      archivePrefix  = "arXiv",
      primaryClass   = "hep-ex",
      reportNumber   = "CMS-HIG-16-027, CERN-EP-2017-068",
      SLACcitation   = "%%CITATION = ARXIV:1705.02942;%%"
}

@article{Sirunyan:2019hkq,
      author         = "Sirunyan, Albert M and others",
      title          = "{Search for charged Higgs bosons in the H$^{\pm}$ $\to$
                        $\tau^{\pm}\nu_\tau$ decay channel in proton-proton
                        collisions at $\sqrt{s} =$ 13 TeV}",
      collaboration  = "CMS",
      journal        = "JHEP",
      volume         = "07",
      year           = "2019",
      pages          = "142",
      doi            = "10.1007/JHEP07(2019)142",
      eprint         = "1903.04560",
      archivePrefix  = "arXiv",
      primaryClass   = "hep-ex",
      reportNumber   = "CMS-HIG-18-014, CERN-EP-2019-025",
      SLACcitation   = "%%CITATION = ARXIV:1903.04560;%%"
}

@article{Aaboud:2016dig,
      author         = "Aaboud, Morad and others",
      title          = "{Search for charged Higgs bosons produced in association
                        with a top quark and decaying via $H^{\pm} \rightarrow
                        \tau\nu$ using $pp$ collision data recorded at $\sqrt{s} =
                        13$ TeV by the ATLAS detector}",
      collaboration  = "ATLAS",
      journal        = "Phys. Lett. B",
      volume         = "759",
      year           = "2016",
      pages          = "555",
      doi            = "10.1016/j.physletb.2016.06.017",
      eprint         = "1603.09203",
      archivePrefix  = "arXiv",
      primaryClass   = "hep-ex",
      reportNumber   = "CERN-EP-2016-056",
      SLACcitation   = "%%CITATION = ARXIV:1603.09203;%%"
}

@article{Aaboud:2018gjj,
      author         = "Aaboud, Morad and others",
      title          = "{Search for charged Higgs bosons decaying via $H^{\pm}
                        \to \tau^{\pm}\nu_{\tau}$ in the $\tau$+jets and
                        $\tau$+lepton final states with 36 fb$^{-1}$ of $pp$
                        collision data recorded at $\sqrt{s} = 13$ TeV with the
                        ATLAS experiment}",
      collaboration  = "ATLAS",
      journal        = "JHEP",
      volume         = "09",
      year           = "2018",
      pages          = "139",
      doi            = "10.1007/JHEP09(2018)139",
      eprint         = "1807.07915",
      archivePrefix  = "arXiv",
      primaryClass   = "hep-ex",
      reportNumber   = "CERN-EP-2018-148",
      SLACcitation   = "%%CITATION = ARXIV:1807.07915;%%"
}

@article{Aaboud:2018cwk,
      author         = "Aaboud, Morad and others",
      title          = "{Search for charged Higgs bosons decaying into top and
                        bottom quarks at $\sqrt{s}$ = 13 TeV with the ATLAS
                        detector}",
      collaboration  = "ATLAS",
      journal        = "JHEP",
      volume         = "11",
      year           = "2018",
      pages          = "085",
      doi            = "10.1007/JHEP11(2018)085",
      eprint         = "1808.03599",
      archivePrefix  = "arXiv",
      primaryClass   = "hep-ex",
      reportNumber   = "CERN-EP-2018-168",
      SLACcitation   = "%%CITATION = ARXIV:1808.03599;%%"
}

@article{Chatrchyan:2008zzk,
     author    = "Chatrchyan, S. and others",
     collaboration = "CMS",
     title     = "The {CMS} experiment at the {CERN} {LHC}",
     journal   = "JINST",
     volume    = "3",
     year      = "2008",
     pages     = "S08004",
     doi       = "10.1088/1748-0221/3/08/S08004",
     SLACcitation  = "%%CITATION = JINST,3,S08004;%%"
}

@article{Khachatryan:2016bia,
      author         = "Khachatryan, Vardan and others",
      title          = "{The CMS trigger system}",
      collaboration  = "CMS",
      journal        = "JINST",
      volume         = "12",
      pages          = "P01020",
      doi            = "10.1088/1748-0221/12/01/P01020",
      year           = "2017",
      eprint         = "1609.02366",
      archivePrefix  = "arXiv",
      primaryClass   = "physics.ins-det",
      reportNumber   = "CMS-TRG-12-001, CERN-EP-2016-160",
      SLACcitation   = "%%CITATION = ARXIV:1609.02366;%%"
}

@article{Alwall:2014hca,
      author         = "Alwall, J. and Frederix, R. and Frixione, S. and Hirschi,
                        V. and Maltoni, F. and Mattelaer, O. and Shao, H. -S. and
                        Stelzer, T. and Torrielli, P. and Zaro, M.",
      title          = "The automated computation of tree-level and
                        next-to-leading order differential cross sections, and
                        their matching to parton shower simulations",
      journal        = "JHEP",
      volume         = "07",
      year           = "2014",
      pages          = "079",
      doi            = "10.1007/JHEP07(2014)079",
      eprint         = "1405.0301",
      archivePrefix  = "arXiv",
      primaryClass   = "hep-ph",
      reportNumber   = "{CERN-PH-TH-2014-064, CP3-14-18, LPN14-066, MCNET-14-09,
                        ZU-TH-14-14}",
      SLACcitation   = "%%CITATION = ARXIV:1405.0301;%%"
}

@article{Alwall:2007fs,
      author         = "Alwall, J. and H{\"o}che, S. and Krauss, F. and
                        Lavesson, N. and L{\"o}nnblad, L. and Maltoni, F. and
                        Mangano, M. L. and Moretti, M. and Papadopoulos, C. G. and
                        Piccinini, F. and Schumann, S. and Treccani, M. and
                        Winter, J. and Worek, M.",
      title          = "Comparative study of various algorithms for the merging
                        of parton showers and matrix elements in hadronic
                        collisions",
      journal        = "Eur. Phys. J. C",
      volume         = "53",
      pages          = "473",
      doi            = "10.1140/epjc/s10052-007-0490-5",
      year           = "2008",
      eprint         = "0706.2569",
      archivePrefix  = "arXiv",
      primaryClass   = "hep-ph",
      reportNumber   = "SLAC-PUB-12604, CERN-PH-TH-2007-066, LU-TP-07-13,
                        KA-TP-06-2007, DCPT-07-62, IPPP-07-31",
      SLACcitation   = "%%CITATION = ARXIV:0706.2569;%%",
}

@article{Frixione:2007vw,
      author         = "Frixione, Stefano and Nason, Paolo and Oleari, Carlo",
      title          = "Matching {NLO} {QCD} computations with Parton Shower
                        simulations: the {POWHEG} method",
      journal        = "JHEP",
      volume         = "11",
      year           = "2007",
      pages          = "070",
      doi            = "10.1088/1126-6708/2007/11/070",
      eprint         = "0709.2092",
      archivePrefix  = "arXiv",
      primaryClass   = "hep-ph",
      reportNumber   = "BICOCCA-FT-07-9, GEF-TH-21-2007",
      SLACcitation   = "%%CITATION = ARXIV:0709.2092;%%"
}

@article{Nason:2004rx,
      author         = "Nason, Paolo",
      title          = "A New method for combining {NLO} {QCD} with shower {Monte
                        Carlo} algorithms",
      journal        = "JHEP",
      volume         = "11",
      year           = "2004",
      pages          = "040",
      doi            = "10.1088/1126-6708/2004/11/040",
      eprint         = "hep-ph/0409146",
      archivePrefix  = "arXiv",
      primaryClass   = "hep-ph",
      reportNumber   = "BICOCCA-FT-04-11",
      SLACcitation   = "%%CITATION = HEP-PH/0409146;%%"
}

@article{Alioli:2010xd,
      author         = "Alioli, Simone and Nason, Paolo and Oleari, Carlo and Re,
                        Emanuele",
      title          = "A general framework for implementing {NLO} calculations in
                        shower {Monte Carlo} programs: the {POWHEG} {BOX}",
      journal        = "JHEP",
      volume         = "06",
      year           = "2010",
      pages          = "043",
      doi            = "10.1007/JHEP06(2010)043",
      eprint         = "1002.2581",
      archivePrefix  = "arXiv",
      primaryClass   = "hep-ph",
      reportNumber   = "DESY-10-018, SFB-CPP-10-22, IPPP-10-11, DCPT-10-22",
      SLACcitation   = "%%CITATION = ARXIV:1002.2581;%%"
}

@article{Campbell:2014kua,
      author         = "Campbell, John M. and Ellis, R. Keith and Nason, Paolo
                        and Re, Emanuele",
      title          = "Top-pair production and decay at {NLO} matched with parton showers",
      journal        = "JHEP",
      volume         = "04",
      year           = "2015",
      pages          = "114",
      doi            = "10.1007/JHEP04(2015)114",
      eprint         = "1412.1828",
      archivePrefix  = "arXiv",
      primaryClass   = "hep-ph",
      reportNumber   = "FERMILAB-PUB-14-504-T, OUTP-14-17P",
      SLACcitation   = "%%CITATION = ARXIV:1601.06431;%%"
}

@article{Alioli:2009je,
      author         = "Alioli, Simone and Nason, Paolo and Oleari, Carlo and Re,
                        Emanuele",
      title          = "{NLO} single-top production matched with shower in {POWHEG}:
                        $s$- and $t$-channel contributions",
      journal        = "JHEP",
      volume         = "09",
      year           = "2009",
      pages          = "111",
      doi            = "10.1088/1126-6708/2009/09/111",
      note           = "[Erratum: \DOI{10.1007/JHEP02(2010)011}]",
      eprint         = "0907.4076",
      archivePrefix  = "arXiv",
      primaryClass   = "hep-ph",
      SLACcitation   = "%%CITATION = ARXIV:0907.4076;%%"
}

@article{Re:2010bp,
      author         = "Re, Emanuele",
      title          = "Single-top {Wt-channel} production matched with parton
                        showers using the {POWHEG} method",
      journal        = "Eur. Phys. J. C",
      volume         = "71",
      year           = "2011",
      pages          = "1547",
      doi            = "10.1140/epjc/s10052-011-1547-z",
      eprint         = "1009.2450",
      archivePrefix  = "arXiv",
      primaryClass   = "hep-ph",
      reportNumber   = "IPPP/10/74, DCPT/10/148",
      SLACcitation   = "%%CITATION = ARXIV:1601.06431;%%"
}

@article{Beneke:2011mq,
      author         = "Beneke, M. and Falgari, P. and Klein, S. and Schwinn, C.",
      title          = "Hadronic top-quark pair production with {NNLL} threshold
                        resummation",
      journal        = "Nucl. Phys. B",
      volume         = "855",
      year           = "2012",
      pages          = "695",
      doi            = "10.1016/j.nuclphysb.2011.10.021",
      eprint         = "1109.1536",
      archivePrefix  = "arXiv",
      primaryClass   = "hep-ph",
      reportNumber   = "TTK-11-38, ITP-UU-11-26, SPIN-11-19, FR-PHENO-2011-015,
                        SFB-CPP-11-49",
      SLACcitation   = "%%CITATION = ARXIV:1109.1536;%%"
}

@article{Ball:2017nwa,
      author         = "Ball, Richard D. and others",
      title          = "Parton distributions from high-precision collider data",
      collaboration  = "NNPDF",
      journal        = "Eur. Phys. J. C",
      volume         = "77",
      year           = "2017",
      pages          = "663",
      doi            = "10.1140/epjc/s10052-017-5199-5",
      eprint         = "1706.00428",
      archivePrefix  = "arXiv",
      primaryClass   = "hep-ph",
      reportNumber   = "CAVENDISH-HEP-17-06, CERN-TH-2017-077, EDINBURGH-2017-08,
                        NIKHEF-2017-006, OUTP-17-04P, TIF-UNIMI-2017-3",
      SLACcitation   = "%%CITATION = ARXIV:1706.00428;%%"
}

@article{Sjostrand:2014zea,
      author         = "Sj{\"o}strand, Torbj{\"o}rn and Ask, Stefan and Christiansen,
                        Jesper R. and Corke, Richard and Desai, Nishita and Ilten,
                        Philip and Mrenna, Stephen and Prestel, Stefan and
                        Rasmussen, Christine O. and Skands, Peter Z.",
      title          = "An Introduction to {PYTHIA} 8.2",
      journal        = "Comput. Phys. Commun.",
      volume         = "191",
      year           = "2015",
      pages          = "159",
      doi            = "10.1016/j.cpc.2015.01.024",
      eprint         = "1410.3012",
      archivePrefix  = "arXiv",
      primaryClass   = "hep-ph",
      reportNumber   = "LU-TP-14-36, MCNET-14-22, CERN-PH-TH-2014-190,
                        FERMILAB-PUB-14-316-CD, DESY-14-178, SLAC-PUB-16122",
      SLACcitation   = "%%CITATION = ARXIV:1410.3012;%%"
}

@article{Khachatryan:2015pea,
      author         = "Khachatryan, Vardan and others",
      title          = "Event generator tunes obtained from underlying event and
                        multiparton scattering measurements",
      collaboration  = "CMS",
      journal        = "Eur. Phys. J. C",
      volume         = "76",
      year           = "2016",
      pages          = "155",
      doi            = "10.1140/epjc/s10052-016-3988-x",
      eprint         = "1512.00815",
      archivePrefix  = "arXiv",
      primaryClass   = "hep-ex",
      reportNumber   = "CMS-GEN-14-001, CERN-PH-EP-2015-291",
      SLACcitation   = "%%CITATION = ARXIV:1512.00815;%%"
}

@article{Agostinelli:2002hh,
     author          = "Agostinelli, S. and others",
     collaboration   = "GEANT4",
     title           = "{\GEANTfour}---a simulation toolkit",
     journal         = "Nucl. Instrum. Meth. A",
     volume          = "506",
     year            = "2003",
     pages           = "250",
     doi             = "10.1016/S0168-9002(03)01368-8",
     SLACcitation    = "%%CITATION = NUIMA,A506,250;%%"
}

@article{PDG2018,
      author         = "{Particle Data Group} and M. Tanabashi and others",
      title          = "Review of particle physics",
      journal        = "Phys. Rev. D",
      volume         = "98",
      pages          = "030001",
      doi            = "10.1103/PhysRevD.98.030001",
      year           = "2018",
}

@article{Sirunyan:2017ulk,
      author         = "Sirunyan, A. M. and others",
      title          = "Particle-flow reconstruction and global event
                        description with the {CMS} detector",
      collaboration  = "CMS",
      journal        = "JINST",
      volume         = "12",
      year           = "2017",
      pages          = "P10003",
      doi            = "10.1088/1748-0221/12/10/P10003",
      eprint         = "1706.04965",
      archivePrefix  = "arXiv",
      primaryClass   = "physics.ins-det",
      reportNumber   = "CMS-PRF-14-001, CERN-EP-2017-110",
      SLACcitation   = "%%CITATION = ARXIV:1706.04965;%%"
}

@article{Chatrchyan:2014fea,
      author         = "Chatrchyan, Serguei and others",
      title          = "Description and performance of track and
                        primary-vertex reconstruction with the {CMS} tracker",
      collaboration  = "CMS",
      journal        = "JINST",
      volume         = "9",
      year           = "2014",
      pages          = "P10009",
      doi            = "10.1088/1748-0221/9/10/P10009",
      eprint         = "1405.6569",
      archivePrefix  = "arXiv",
      primaryClass   = "physics.ins-det",
      reportNumber   = "CMS-TRK-11-001, CERN-PH-EP-2014-070",
      SLACcitation   = "%%CITATION = ARXIV:1405.6569;%%"
}

@article{Khachatryan:2015hwa,
      author         = "Khachatryan, Vardan and others",
      title          = "Performance of electron reconstruction and
                        selection with the {CMS} detector in proton-proton
                        collisions at $\sqrt{s} = 8$ {TeV}",
      collaboration  = "CMS",
      journal        = "JINST",
      volume         = "10",
      year           = "2015",
      pages          = "P06005",
      doi            = "10.1088/1748-0221/10/06/P06005",
      eprint         = "1502.02701",
      archivePrefix  = "arXiv",
      primaryClass   = "physics.ins-det",
      reportNumber   = "CMS-EGM-13-001, CERN-PH-EP-2015-004",
      SLACcitation   = "%%CITATION = ARXIV:1502.02701;%%"
}

@article{Polyakov:1976fu,
      author         = "Polyakov, Alexander M.",
      title          = "Quark Confinement and Topology of Gauge Groups",
      journal        = "Nucl. Phys. B",
      volume         = "120",
      year           = "1977",
      pages          = "429",
      doi            = "10.1016/0550-3213(77)90086-4",
      reportNumber   = "NORDITA-76/33",
      SLACcitation   = "%%CITATION = NUPHA,B120,429;%%"
}

@article{Cacciari:2008gp,
     AUTHOR    = "Cacciari, Matteo and Salam, Gavin P. and Soyez, Gregory",
     TITLE     = "The anti-\kt jet clustering algorithm",
     JOURNAL   = "JHEP",
     VOLUME    = "04",
     YEAR      = "2008",
     PAGES     = "063",
     doi       = "10.1088/1126-6708/2008/04/063",
     eprint         = "0802.1189",
     archivePrefix  = "arXiv",
     primaryClass   = "hep-ex",
}

@article{Cacciari:2011ma,
      author         = "Cacciari, Matteo and Salam, Gavin P. and Soyez, Gregory",
      title          = "{FastJet} user manual",
      journal        = "Eur. Phys. J. C",
      volume         = "72",
      pages          = "1896",
      doi            = "10.1140/epjc/s10052-012-1896-2",
      year           = "2012",
      eprint         = "1111.6097",
      archivePrefix  = "arXiv",
      primaryClass   = "hep-ph",
      reportNumber   = "CERN-PH-TH-2011-297",
      SLACcitation   = "%%CITATION = ARXIV:1111.6097;%%",
}

@article{Khachatryan:2016kdb,
      author         = "Khachatryan, Vardan and others",
      title          = "Jet energy scale and resolution in the {CMS} experiment in
                           pp collisions at 8 {TeV}",
      collaboration  = "CMS",
      journal        = "JINST",
      volume         = "12",
      year           = "2017",
      pages          = "P02014",
      doi            = "10.1088/1748-0221/12/02/P02014",
      eprint         = "1607.03663",
      archivePrefix  = "arXiv",
      primaryClass   = "hep-ex",
      reportNumber   = "CMS-JME-13-004, CERN-PH-EP-2015-305",
      SLACcitation   = "%%CITATION = ARXIV:1607.03663;%%"
}

@techreport{CMS-PAS-LUM-17-001,
      title         = "{CMS} Luminosity Measurements for the 2016 Data Taking
                       Period",
      author        = "{CMS Collaboration}",
      collaboration = {CMS},
      url           = "https://cds.cern.ch/record/2257069",
      type          = "CMS Physics Analysis Summary",
      number        = "CMS-PAS-LUM-17-001",
      year          = "2017",
}

@article{Sirunyan:2018fpa,
      author         = "Sirunyan, A. M. and others",
      title          = "Performance of the {CMS} muon detector and muon
                        reconstruction with proton-proton collisions at
                        $\sqrt{s}=$ 13 {TeV}",
      collaboration  = "CMS",
      journal        = "JINST",
      volume         = "13",
      year           = "2018",
      pages          = "P06015",
      doi            = "10.1088/1748-0221/13/06/P06015",
      eprint         = "1804.04528",
      archivePrefix  = "arXiv",
      primaryClass   = "physics.ins-det",
      reportNumber   = "CMS-MUO-16-001, CERN-EP-2018-058",
      SLACcitation   = "%%CITATION = ARXIV:1804.04528;%%"
}

@article{Cacciari:2007fd,
      author         = "Cacciari, Matteo and Salam, Gavin P.",
      title          = "Pileup subtraction using jet areas",
      journal        = "Phys. Lett. B",
      volume         = "659",
      year           = "2008",
      pages          = "119",
      doi            = "10.1016/j.physletb.2007.09.077",
      eprint         = "0707.1378",
      archivePrefix  = "arXiv",
      primaryClass   = "hep-ph",
      reportNumber   = "LPTHE-07-01",
      SLACcitation   = "%%CITATION = ARXIV:0707.1378;%%"
}

@article{Sirunyan:2017ezt,
      author         = "Sirunyan, A. M. and others",
      title          = "Identification of heavy-flavour jets with the {CMS}
                        detector in pp collisions at 13 {TeV}",
      collaboration  = "CMS",
      journal        = "JINST",
      volume         = "13",
      year           = "2018",
      pages          = "P05011",
      doi            = "10.1088/1748-0221/13/05/P05011",
      eprint         = "1712.07158",
      archivePrefix  = "arXiv",
      primaryClass   = "physics.ins-det",
      reportNumber   = "CMS-BTV-16-002, CERN-EP-2017-326",
      SLACcitation   = "%%CITATION = ARXIV:1712.07158;%%"
}

@techreport{DHondt:926540,
      author        = "D'Hondt, Jorgen and Lowette, Steven and Buchm{\"u}ller, O L
                       and Cucciarelli, Susanna and Schilling, Frank-Peter and
                       Spiropulu, Maria and Paktinat-Mehdiabadi, S and Benedetti,
                       Daniele and Pape, Luc",
      title         = "Fitting of Event Topologies with External Kinematic
                       Constraints in {CMS}",
      url           = "https://cds.cern.ch/record/926540",
      type          = "CMS Note",
      number        = "2006/023",
      year          = "2006",
}

@article{Sirunyan:2018nqx,
      author         = "Sirunyan, Albert M and others",
      title          = "{Measurement of the inelastic proton-proton cross section
                        at $ \sqrt{s}=13 $ TeV}",
      collaboration  = "CMS",
      journal        = "JHEP",
      volume         = "07",
      year           = "2018",
      pages          = "161",
      doi            = "10.1007/JHEP07(2018)161",
      eprint         = "1802.02613",
      archivePrefix  = "arXiv",
      primaryClass   = "hep-ex",
      reportNumber   = "CMS-FSQ-15-005, CERN-EP-2018-004",
      SLACcitation   = "%%CITATION = ARXIV:1802.02613;%%"
}

@article{Khachatryan:2016mnb,
      author         = "Khachatryan, Vardan and others",
      title          = "Measurement of differential cross sections for top quark
                        pair production using the lepton+jets final state in
                        proton-proton collisions at 13 {TeV}",
      collaboration  = "CMS",
      journal        = "Phys. Rev. D",
      volume         = "95",
      year           = "2017",
      pages          = "092001",
      doi            = "10.1103/PhysRevD.95.092001",
      eprint         = "1610.04191",
      archivePrefix  = "arXiv",
      primaryClass   = "hep-ex",
      reportNumber   = "CMS-TOP-16-008, CERN-EP-2016-227",
      SLACcitation   = "%%CITATION = ARXIV:1610.04191;%%"
}

@article{Sirunyan:2018ucr,
      author         = "Sirunyan, Albert M and others",
      title          = "Measurements of $\mathrm{t\overline{t}}$ differential
                        cross sections in proton-proton collisions at $\sqrt{s}=$
                        {13} TeV using events containing two leptons",
      collaboration  = "CMS",
      journal        = "JHEP",
      volume         = "02",
      year           = "2019",
      pages          = "149",
      doi            = "10.1007/JHEP02(2019)149",
      eprint         = "1811.06625",
      archivePrefix  = "arXiv",
      primaryClass   = "hep-ex",
      reportNumber   = "CMS-TOP-17-014, CERN-EP-2018-252",
      SLACcitation   = "%%CITATION = ARXIV:1811.06625;%%"
}

@article{Butterworth:2015oua,
      author         = "Butterworth, Jon and others",
      title          = "{PDF4LHC} recommendations for {LHC Run II}",
      journal        = "J. Phys. G",
      volume         = "43",
      year           = "2016",
      pages          = "023001",
      doi            = "10.1088/0954-3899/43/2/023001",
      eprint         = "1510.03865",
      archivePrefix  = "arXiv",
      primaryClass   = "hep-ph",
      reportNumber   = "OUTP-15-17P, SMU-HEP-15-12, TIF-UNIMI-2015-14,
                        LCTS-2015-27, CERN-PH-TH-2015-249",
      SLACcitation   = "%%CITATION = ARXIV:1510.03865;%%"
}

@techreport{CMS-PAS-TOP-16-021,
      title         = "{Investigations of the impact of the parton shower tuning
                       in Pythia 8 in the modelling of $\mathrm{t\overline{t}}$ at
                       $\sqrt{s}=8$ and 13 TeV}",
      author        = "{CMS Collaboration}",
      collaboration = {CMS},
      url           = "https://cds.cern.ch/record/2235192",
      type          = "CMS Physics Analysis Summary",
      number        = "CMS-PAS-TOP-16-021",
      year          = "2016",
}

@article{Barlow:1993dm,
    author = "Barlow, Roger J. and Beeston, Christine",
    doi = "10.1016/0010-4655(93)90005-W",
    journal = "Comput. Phys. Commun.",
    pages = "219",
    reportNumber = "MAN-HEP-93-1",
    title = "{Fitting using finite Monte Carlo samples}",
    volume = "77",
    year = "1993"
}

@article{Read:2002hq,
      author         = "Read, Alexander L.",
      title          = "Presentation of search results: The {CL$_{\text{s}}$} technique",
      journal        = "J. Phys. G",
      volume         = "28",
      year           = "2002",
      pages          = "2693",
      doi            = "10.1088/0954-3899/28/10/313",
      SLACcitation   = "%%CITATION = JPAGA,G28,2693;%%"
}

@article{Junk:1999kv,
      author         = "Junk, Thomas",
      title          = "Confidence level computation for combining searches with
                        small statistics",
      journal        = "Nucl. Instrum. Meth. A",
      volume         = "434",
      year           = "1999",
      pages          = "435",
      doi            = "10.1016/S0168-9002(99)00498-2",
      eprint         = "hep-ex/9902006",
      archivePrefix  = "arXiv",
      primaryClass   = "hep-ex",
      reportNumber   = "CARLETON-OPAL-PHYS-99-01, CERN-EP-99-041",
      SLACcitation   = "%%CITATION = HEP-EX/9902006;%%"
}

@article{Cowan:2010js,
      author         = "Cowan, Glen and Cranmer, Kyle and Gross, Eilam and
                        Vitells, Ofer",
      title          = "Asymptotic formulae for likelihood-based tests of new
                        physics",
      journal        = "Eur. Phys. J. C",
      volume         = "71",
      year           = "2011",
      pages          = "1554",
      doi            = "10.1140/epjc/s10052-011-1554-0",
      note           = "[Erratum: \DOI{10.1140/epjc/s10052-013-2501-z}]",
      eprint         = "1007.1727",
      archivePrefix  = "arXiv",
      primaryClass   = "physics.data-an",
      SLACcitation   = "%%CITATION = ARXIV:1007.1727;%%"
}
