%%%%%%%%%%%%%%% Madgraph %%%%%%%%%%%%%%%%%%%%
@article{Alwall:2011uj,
      author         = "Alwall, Johan and Herquet, Michel and Maltoni, Fabio and
                        Mattelaer, Olivier and Stelzer, Tim",
      title          = "{MadGraph 5 : Going Beyond}",
      journal        = "JHEP",
      volume         = "06",
      year           = "2011",
      pages          = "128",
      doi            = "10.1007/JHEP06(2011)128",
      eprint         = "1106.0522",
      archivePrefix  = "arXiv",
      primaryClass   = "hep-ph",
      reportNumber   = "FERMILAB-PUB-11-448-T",
      SLACcitation   = "%%CITATION = ARXIV:1106.0522;%%"
}
%%%% aMCNLO
@article{Alwall:2014hca,
      author         = "Alwall, J. and Frederix, R. and Frixione, S. and Hirschi,
                        V. and Maltoni, F. and Mattelaer, O. and Shao, H. -S. and
                        Stelzer, T. and Torrielli, P. and Zaro, M.",
      title          = "{The automated computation of tree-level and
                        next-to-leading order differential cross sections, and
                        their matching to parton shower simulations}",
      journal        = "JHEP",
      volume         = "07",
      year           = "2014",
      pages          = "079",
      doi            = "10.1007/JHEP07(2014)079",
      eprint         = "1405.0301",
      archivePrefix  = "arXiv",
      primaryClass   = "hep-ph",
      reportNumber   = "CERN-PH-TH-2014-064, CP3-14-18, LPN14-066, MCNET-14-09,ZU-TH-14-14",
      SLACcitation   = "%%CITATION = ARXIV:1405.0301;%%"
}
%%% MLM
@article{Alwall:2007fs,
      author         = "Alwall, Johan and others",
      title          = "{Comparative study of various algorithms for the merging
                        of parton showers and matrix elements in hadronic
                        collisions}",
      journal        = "Eur. Phys. J.",
      volume         = "C53",
      year           = "2008",
      pages          = "473-500",
      doi            = "10.1140/epjc/s10052-007-0490-5",
      eprint         = "0706.2569",
      archivePrefix  = "arXiv",
      primaryClass   = "hep-ph",
      reportNumber   = "SLAC-PUB-12604, CERN-PH-TH-2007-066, LU-TP-07-13,
                        KA-TP-06-2007, DCPT-07-62, IPPP-07-31",
      SLACcitation   = "%%CITATION = ARXIV:0706.2569;%%"
}

%%%%%%%%%%%%%% POWHEG Gen %%%%%%%%%%%%%%%%
@article{Frixione:2007vw,
      author         = "Frixione, Stefano and Nason, Paolo and Oleari, Carlo",
      title          = "{Matching NLO QCD computations with Parton Shower
                        simulations: the POWHEG method}",
      journal        = "JHEP",
      volume         = "11",
      year           = "2007",
      pages          = "070",
      doi            = "10.1088/1126-6708/2007/11/070",
      eprint         = "0709.2092",
      archivePrefix  = "arXiv",
      primaryClass   = "hep-ph",
      reportNumber   = "BICOCCA-FT-07-9, GEF-TH-21-2007",
      SLACcitation   = "%%CITATION = ARXIV:0709.2092;%%"
}
@article{Nason:2004rx,
      author         = "Nason, Paolo",
      title          = "{A New method for combining NLO QCD with shower Monte
                        Carlo algorithms}",
      journal        = "JHEP",
      volume         = "11",
      year           = "2004",
      pages          = "040",
      doi            = "10.1088/1126-6708/2004/11/040",
      eprint         = "hep-ph/0409146",
      archivePrefix  = "arXiv",
      primaryClass   = "hep-ph",
      reportNumber   = "BICOCCA-FT-04-11",
      SLACcitation   = "%%CITATION = HEP-PH/0409146;%%"
}

@article{Alioli:2010xd,
      author         = "Alioli, Simone and Nason, Paolo and Oleari, Carlo and Re,
                        Emanuele",
      title          = "{A general framework for implementing NLO calculations in
                        shower Monte Carlo programs: the POWHEG BOX}",
      journal        = "JHEP",
      volume         = "06",
      year           = "2010",
      pages          = "043",
      doi            = "10.1007/JHEP06(2010)043",
      eprint         = "1002.2581",
      archivePrefix  = "arXiv",
      primaryClass   = "hep-ph",
      reportNumber   = "DESY-10-018, SFB-CPP-10-22, IPPP-10-11, DCPT-10-22",
      SLACcitation   = "%%CITATION = ARXIV:1002.2581;%%"
}
%ttbar xss
@article{Beneke:2011mq,
       author         = "Beneke, M. and Falgari, P. and Klein, S. and Schwinn, C.",
       title          = "{Hadronic top-quark pair production with NNLL threshold
                         resummation}",
       journal        = "Nucl. Phys.",
       volume         = "B855",
       year           = "2012",
       pages          = "695-741",
       doi            = "10.1016/j.nuclphysb.2011.10.021",
       eprint         = "1109.1536",
       archivePrefix  = "arXiv",
       primaryClass   = "hep-ph",
       reportNumber   = "TTK-11-38, ITP-UU-11-26, SPIN-11-19, FR-PHENO-2011-015,
                         SFB-CPP-11-49",
       SLACcitation   = "%%CITATION = ARXIV:1109.1536;%%"
}
%%%%%%%%%%%%%% NNPDF %%%%%%%%%%%%%%%%%%%%%%%
@article{Ball:2014uwa,
      author         = "Ball, Richard D. and others",
      title          = "{Parton distributions for the LHC Run II}",
      collaboration  = "NNPDF",
      journal        = "JHEP",
      volume         = "04",
      year           = "2015",
      pages          = "040",
      doi            = "10.1007/JHEP04(2015)040",
      eprint         = "1410.8849",
      archivePrefix  = "arXiv",
      primaryClass   = "hep-ph",
      reportNumber   = "EDINBURGH-2014-15, IFUM-1034-FT, CERN-PH-TH-2013-253,
                        OUTP-14-11P, CAVENDISH-HEP-14-11",
      SLACcitation   = "%%CITATION = ARXIV:1410.8849;%%"
}

%%%%%%%%%%%%%% PYTHIA 8 %%%%%%%%%%%%%%%%%%%%
@article{Sjostrand:2006za,
      author         = "Sjostrand, Torbjorn and Mrenna, Stephen and Skands, Peter
                        Z.",
      title          = "{PYTHIA 6.4 Physics and Manual}",
      journal        = "JHEP",
      volume         = "05",
      year           = "2006",
      pages          = "026",
      doi            = "10.1088/1126-6708/2006/05/026",
      eprint         = "hep-ph/0603175",
      archivePrefix  = "arXiv",
      primaryClass   = "hep-ph",
      reportNumber   = "FERMILAB-PUB-06-052-CD-T, LU-TP-06-13",
      SLACcitation   = "%%CITATION = HEP-PH/0603175;%%"
}

@article{Sjostrand:2007gs,
      author         = "Sjostrand, Torbjorn and Mrenna, Stephen and Skands, Peter
                        Z.",
      title          = "{A Brief Introduction to PYTHIA 8.1}",
      journal        = "Comput. Phys. Commun.",
      volume         = "178",
      year           = "2008",
      pages          = "852-867",
      doi            = "10.1016/j.cpc.2008.01.036",
      eprint         = "0710.3820",
      archivePrefix  = "arXiv",
      primaryClass   = "hep-ph",
      reportNumber   = "CERN-LCGAPP-2007-04, LU-TP-07-28,
                        FERMILAB-PUB-07-512-CD-T",
      SLACcitation   = "%%CITATION = ARXIV:0710.3820;%%"
}
%%%%%%%%%%%%%%%%%%%% Tune %%%%%%%%%%%%%%%%%%%%%%%
@techreport{CMS-PAS-TOP-16-021,
      title         = "{Investigations of the impact of the parton shower tuning
                       in Pythia 8 in the modelling of $\mathrm{t\overline{t}}$ at
                       $\sqrt{s}=8$ and 13 TeV}",
      institution   = "CERN",
      collaboration = "CMS Collaboration",
      address       = "Geneva",
      number        = "CMS-PAS-TOP-16-021",
      year          = "2016",
      reportNumber  = "CMS-PAS-TOP-16-021",
      url           = "http://cds.cern.ch/record/2235192"
}

%%%%%%%%%%%%%%%%%%%%% Geant %%%%%%%%%%%%%%%%%%%%%%%
@article{Agostinelli:2002hh,
      author         = "Agostinelli, S. and others",
      title          = "{GEANT4: A Simulation toolkit}",
      collaboration  = "GEANT4",
      journal        = "Nucl. Instrum. Meth.",
      volume         = "A506",
      year           = "2003",
      pages          = "250-303",
      doi            = "10.1016/S0168-9002(03)01368-8",
      reportNumber   = "SLAC-PUB-9350, FERMILAB-PUB-03-339",
      SLACcitation   = "%%CITATION = NUIMA,A506,250;%%"
}

%%%%%%%%%% Single Top cross-section %%%%
@article{Aliev:2010zk,
      author         = "Aliev, M. and Lacker, H. and Langenfeld, U. and Moch, S.
                        and Uwer, P. and Wiedermann, M.",
      title          = "{HATHOR: HAdronic Top and Heavy quarks crOss section
                        calculatoR}",
      journal        = "Comput. Phys. Commun.",
      volume         = "182",
      year           = "2011",
      pages          = "1034-1046",
      doi            = "10.1016/j.cpc.2010.12.040",
      eprint         = "1007.1327",
      archivePrefix  = "arXiv",
      primaryClass   = "hep-ph",
      reportNumber   = "DESY-10-091, HU-EP-10-33, SFB-CPP-10-60",
      SLACcitation   = "%%CITATION = ARXIV:1007.1327;%%"
}

@article{Kant:2014oha,
      author         = "Kant, P. and Kind, O. M. and Kintscher, T. and Lohse, T.
                        and Martini, T. and Mölbitz, S. and Rieck, P. and Uwer,
                        P.",
      title          = "{HatHor  for single top-quark production: Updated
                        predictions and uncertainty estimates for single top-quark
                        production in hadronic collisions}",
      journal        = "Comput. Phys. Commun.",
      volume         = "191",
      year           = "2015",
      pages          = "74-89",
      doi            = "10.1016/j.cpc.2015.02.001",
      eprint         = "1406.4403",
      archivePrefix  = "arXiv",
      primaryClass   = "hep-ph",
      reportNumber   = "HU-EP-14-22",
      SLACcitation   = "%%CITATION = ARXIV:1406.4403;%%"
}

%%%%%%%%% KinFit %%%%%%%%%
@techreport{DHondt:2006iej,
      author        = "D'Hondt, Jorgen and Lowette, Steven and Buchmüller, O L
                       and Cucciarelli, Susanna and Schilling, Frank-Peter and
                       Spiropulu, Maria and Paktinat-Mehdiabadi, S and Benedetti,
                       Daniele and Pape, Luc",
      title         = "{Fitting of Event Topologies with External Kinematic
                       Constraints in CMS}",
      institution   = "CERN",
      address       = "Geneva",
      number        = "CMS-NOTE-2006-023",
      month         = "Jan",
      year          = "2006",
      reportNumber  = "CMS-NOTE-2006-023",
      url           = "https://cds.cern.ch/record/926540",
}
@misc{KinFitThesis,
     title="{Application of kinematic fitting to top quark mass reconstruction 
         in the $\mu$ + jets channel at $sqrt{s}$ = 7 TeV with the CMS detector}", 
     howpublished =
     {\url{https://lib.ugent.be/fulltxt/RUG01/001/892/467/RUG01-001892467_2012_0001_AC.pdf}}
}
@article{Alioli:2009je,
      author         = "Alioli, Simone and Nason, Paolo and Oleari, Carlo and Re,
                        Emanuele",
      title          = "{NLO single-top production matched with shower in POWHEG:
                        s- and t-channel contributions}",
      journal        = "JHEP",
      volume         = "0909",
      pages          = "111",
      doi            = "10.1007/JHEP02(2010)011, 10.1088/1126-6708/2009/09/111",
      year           = "2009",
      eprint         = "0907.4076",
      archivePrefix  = "arXiv",
      primaryClass   = "hep-ph",
      SLACcitation   = "%%CITATION = ARXIV:0907.4076;%%"
}

@article{Re:2010bp,
      author         = "Re, Emanuele",
      title          = "{Single-top Wt-channel production matched with parton
                        showers using the POWHEG method}",
      journal        = "Eur.Phys.J.",
      volume         = "C71",
      pages          = "1547",
      doi            = "10.1140/epjc/s10052-011-1547-z",
      year           = "2011",
      eprint         = "1009.2450",
      archivePrefix  = "arXiv",
      primaryClass   = "hep-ph",
      reportNumber   = "IPPP-10-74, DCPT-10-148",
      SLACcitation   = "%%CITATION = ARXIV:1009.2450;%%"
}


@TECHREPORT{CMS-DP-2013-003,  
      AUTHOR      = "{CMS Collaboration}",   
      COLLABORATION = {CMS},   
      TITLE       = "Electron performance with 19.6 fb$^{-1}$ of data collected at $\sqrt{s}$ = 8 TeV with the CMS detector.",   
      URL         = "http://cds.cern.ch/record/1523273",  
      TYPE     = "CMS Performance Note",   
      NUMBER      = "CMS-DP-2013-003",   
      YEAR        = "2013"   
}

@TECHREPORT{CMS-PAS-HIG-13-035,
      AUTHOR      = "{CMS Collaboration}",
      COLLABORATION = {CMS},
      TITLE       = "Search for $H^{+}$ to cs-bar decay",
      URL         = "https://cdsweb.cern.ch/record/1728343",
      TYPE     = "CMS Physics Analysis Summary",
      NUMBER      = "CMS-PAS-HIG-13-035",
      YEAR        = "2014"
}

@TECHREPORT{CMS-PAS-JME-13-005, 
      AUTHOR      = "{CMS Collaboration}",  
      COLLABORATION = {CMS},  
      TITLE       = "Pileup Jet Identiﬁcation",  
      URL         = "http://cds.cern.ch/record/1581583", 
      TYPE     = "CMS Physics Analysis Summary",  
      NUMBER      = "CMS-PAS-JME-13-005",  
      YEAR        = "2013"  
}

@TECHREPORT{CMS-PAS-JME-12-002,  
      AUTHOR      = "{CMS Collaboration}",   
      COLLABORATION = {CMS},   
      TITLE       = "MET performance in 8 TeV data",
      URL         = "http://cds.cern.ch/record/1543527",
      TYPE     = "CMS Physics Analysis Summary",   
      NUMBER      = "CMS-PAS-JME-13-002",   
      YEAR        = "2013"   
}

@TECHREPORT{CMS-PAS-BTV-13-001,
      AUTHOR      = "{CMS Collaboration}", 
      COLLABORATION = {CMS}, 
      TITLE       = "Performance of b tagging at $\sqrt{s}$=8 {TeV} in multijet, $t\bar t$ and boosted topology events", 
      URL         = "http://cds.cern.ch/record/1581306",
      TYPE     = "CMS Physics Analysis Summary", 
      NUMBER      = "CMS-PAS-BTV-13-001", 
      YEAR        = "2013" 
} 

@TECHREPORT{CMS-PAS-TOP-12-006,   
      AUTHOR      = "{CMS Collaboration}",    
      COLLABORATION = {CMS},    
      TITLE       = "Top pair cross section in e/mu+jets at 8 TeV", 
      URL         = "https://cdsweb.cern.ch/record/1461939", 
      TYPE     = "CMS Physics Analysis Summary",    
      NUMBER      = "CMS-PAS-TOP-12-006",    
      YEAR        = "2012"    
}

@article{Chatrchyan:2012cz,
      author         = "Chatrchyan, Serguei and others",
      title          = "{Measurement of the top-quark mass in $t\bar{t}$ events
                        with lepton+jets final states in $pp$ collisions at
                        $\sqrt{s}=7$ TeV}",
      collaboration  = "CMS",
      journal        = "JHEP",
      volume         = "1212",
      pages          = "105",
      doi            = "10.1007/JHEP12(2012)105",
      year           = "2012",
      eprint         = "1209.2319",
      archivePrefix  = "arXiv",
      primaryClass   = "hep-ex",
      reportNumber   = "CMS-TOP-11-015, CERN-PH-EP-2012-250",
      SLACcitation   = "%%CITATION = ARXIV:1209.2319;%%"
}

@article{Chatrchyan:2011ds,
      author         = "Chatrchyan, Serguei and others",
      title          = "{Determination of Jet Energy Calibration and Transverse
                        Momentum Resolution in CMS}",
      collaboration  = "CMS",
      journal        = "JINST",
      volume         = "6",
      pages          = "P11002",
      doi            = "10.1088/1748-0221/6/11/P11002",
      year           = "2011",
      eprint         = "1107.4277",
      archivePrefix  = "arXiv",
      primaryClass   = "physics.ins-det",
      reportNumber   = "CERN-PH-EP-2011-102, CMS-JME-10-011",
      SLACcitation   = "%%CITATION = ARXIV:1107.4277;%%"
}

@Article{CLs,
     author    = "Read, L.",
     title     = "{Presentation of search results: the $CL_{s}$ technique}",
     journal   = "J. Phys. G: Nucl. Part. Phys.",
     volume    = "28",
     year      = "2002",
     pages     = "2693",
     doi       = "doi:10.1088/0954-3899/28/10/313"
}

@Article{Junk:1999kv,
      author         = "Junk, Thomas",
      title          = "{Confidence level computation for combining searches with
                        small statistics}",
      journal        = "Nucl. Instrum. Meth. A",
      volume         = "434",
      pages          = "435",
      doi            = "10.1016/S0168-9002(99)00498-2",
      year           = "1999",
      eprint         = "hep-ex/9902006",
      archivePrefix  = "arXiv",
      primaryClass   = "hep-ex",
      reportNumber   = "CARLETON-OPAL-PHYS-99-01, CERN-EP-99-041",
      SLACcitation   = "%%CITATION = HEP-EX/9902006;%%"
}

%
% standard article
%
@Article{PTDR2,
     author    = "{CMS Collaboration}",
     title     = "{CMS} technical design report, volume {II}: {Physics}
                  performance",
     journal   = "J. Phys. G",
     volume    = "34",
     year      = "2007",
     pages     = "995-1579",
     doi       = "10.1088/0954-3899/34/6/S01",
     SLACcitation  = "%%CITATION = JPHGB,G34,995;%%"
}
% PAS are now TECHREPORTS. Same for Notes. A formatted list of PASs is located in [svn]/utils/branches/dev/general/pasBib-tech.bib
@TECHREPORT{CMS-PAS-JME-10-003,
      AUTHOR      = "{CMS Collaboration}",
      COLLABORATION = {CMS},
      TITLE       = "Jet Performance in pp Collisions at $\sqrt{s}$=7 {TeV}",
      URL         = "http://cdsweb.cern.ch/record/1279362",
      TYPE     = "CMS Physics Analysis Summary",
      NUMBER      = "CMS-PAS-JME-10-003",
      YEAR        = "2010"
}
@Article{Chatrchyan:2008zzk,
     author    = "Chatrchyan, S. and others",
     collaboration = "CMS",
     title     = "The {CMS} experiment at the {CERN} {LHC}",
     journal   = "JINST",
     volume    = "3",
     year      = "2008",
     pages     = "S08004",
     doi       = "10.1088/1748-0221/3/08/S08004",
     SLACcitation  = "%%CITATION = JINST,3,S08004;%%"
}
%
% An example of a document which only appears on arXiv. This one could alternatively be cited as a TECHREPORT using any of the various laboratory report numbers when hosted on a lab server:
% reportNumber   = "CERN-PH-EP-2010-095, FERMILAB-TM-2480-PPD, LEPEWWG-2010-01, TEVEWWG-2010-01, ALEPH-2010-001-PHYSICS-2010-001, CDF-NOTE-10338, D0-NOTE-6130, DELPHI-DELPHI-2010-001-PHYS-952, L3-NOTE-2837, OPAL-PR432, SLAC-PUB-14301",
%

% A document hosted on a laboratory server
%
@TECHREPORT{Bertram:2000br,
  author = " Bertram, I. and Landsberg, G. and Linnemann, J. and Partridge, R. and Paterno, M. and Prosper, H. B.",
  title =  "A Recipe for the construction of confidence limits",
  institution = "Fermilab",
  number     = "{TM-2104}",
  url = "http://lss.fnal.gov/archive/test-tm/2000/fermilab-tm-2104.pdf",
  year = "2000"
}

%%%%%%%%%%%%%%%% Primary Vtx Reco %%%%%%%%%%%%%%%%
@article{Chatrchyan:2014fea,
      author         = "Chatrchyan, Serguei and others",
      title          = "{Description and performance of track and primary-vertex
                        reconstruction with the CMS tracker}",
      collaboration  = "CMS",
      journal        = "JINST",
      volume         = "9",
      year           = "2014",
      number         = "10",
      pages          = "P10009",
      doi            = "10.1088/1748-0221/9/10/P10009",
      eprint         = "1405.6569",
      archivePrefix  = "arXiv",
      primaryClass   = "physics.ins-det",
      reportNumber   = "CMS-TRK-11-001, CERN-PH-EP-2014-070",
      SLACcitation   = "%%CITATION = ARXIV:1405.6569;%%"
}

@ARTICLE{an-11-014,
       AUTHOR      = "{W. Erdmann. and others}",
       COLLABORATION = {CMS},
       TITLE        = "Offline Primary Vertex Reconstruction with Deterministic Annealing Clustering",
       JOURNAL     = "CMS Internal Note",
       VOLUME      = "{IN-11-014}",
       YEAR        = "2011"
}

@ARTICLE{726788, 
    author={K. Rose}, 
    journal={Proceedings of the IEEE}, 
    title={Deterministic annealing for clustering, compression, classification, regression, and related optimization problems}, 
    year={1998}, 
    volume={86}, 
    number={11}, 
    pages={2210-2239}, 
    keywords={data compression;maximum entropy methods;multilayer perceptrons;pattern recognition;simulated annealing;statistical analysis;Shannon rate-distortion function;clustering;data compression;deterministic annealing;maximum entropy;multilayer perceptrons;optimization;pattern recognition;quantization;statistical regression;Annealing;Constraint optimization;Costs;Decision trees;Multilayer perceptrons;Pattern recognition;Physics;Rate-distortion;Temperature;Unsupervised learning}, 
    doi={10.1109/5.726788}, 
    ISSN={0018-9219}, 
    month={Nov}
}

#### rho 
@ARTICLE{CMS-AN-17-003,
        AUTHOR      = "{Top group}",
        COLLABORATION = {CMS},
        TITLE        = "Measurement of jet activity in ttbar events using lepton + jets 
            final states in proton-proton collisions at 13 TeV",
        JOURNAL     = "CMS Analysis Note",
        VOLUME      = "{CMS AN-17-003}",
        YEAR        = "2017"
}
@ARTICLE{CMS-AN-17-116,
        AUTHOR      = "{Top group}",
        COLLABORATION = {CMS},
        TITLE        = "Measurement of the top quark decay width in the dilepton channel at
            $\sqrt(s)$ = 13 TeV with CMS",
        JOURNAL     = "CMS Analysis Note",
        VOLUME      = "{CMS AN-17-116}",
        YEAR        = "2017"
}

@techreport{Fruhwirth:1027031,
      author        = "Fruhwirth, R and Waltenberger, Wolfgang and Vanlaer,
                       Pascal",
      title         = "{Adaptive Vertex Fitting}",
      institution   = "CERN",
      address       = "Geneva",
      number        = "CMS-NOTE-2007-008",
      month         = "Mar",
      year          = "2007",
      reportNumber  = "CMS-NOTE-2007-008",
      url           = "https://cds.cern.ch/record/1027031"
}

@article{Cacciari:2005hq,
      author         = "Cacciari, Matteo and Salam, Gavin P.",
      title          = "{Dispelling the $N^{3}$ myth for the $k_t$ jet-finder}",
      journal        = "Phys. Lett.",
      volume         = "B641",
      year           = "2006",
      pages          = "57-61",
      doi            = "10.1016/j.physletb.2006.08.037",
      eprint         = "hep-ph/0512210",
      archivePrefix  = "arXiv",
      primaryClass   = "hep-ph",
      reportNumber   = "LPTHE-05-32",
      SLACcitation   = "%%CITATION = HEP-PH/0512210;%%"
}

@article{Cacciari:2011ma,
      author         = "Cacciari, Matteo and Salam, Gavin P. and Soyez, Gregory",
      title          = "{FastJet User Manual}",
      journal        = "Eur. Phys. J.",
      volume         = "C72",
      year           = "2012",
      pages          = "1896",
      doi            = "10.1140/epjc/s10052-012-1896-2",
      eprint         = "1111.6097",
      archivePrefix  = "arXiv",
      primaryClass   = "hep-ph",
      reportNumber   = "CERN-PH-TH-2011-297",
      SLACcitation   = "%%CITATION = ARXIV:1111.6097;%%"
}

@article{Cacciari:2007fd,
      author         = "Cacciari, Matteo and Salam, Gavin P.",
      title          = "{Pileup subtraction using jet areas}",
      journal        = "Phys. Lett.",
      volume         = "B659",
      year           = "2008",
      pages          = "119-126",
      doi            = "10.1016/j.physletb.2007.09.077",
      eprint         = "0707.1378",
      archivePrefix  = "arXiv",
      primaryClass   = "hep-ph",
      reportNumber   = "LPTHE-07-01",
      SLACcitation   = "%%CITATION = ARXIV:0707.1378;%%"
}

%%%%%%%%%%%%%%%%% Muon Reconstruction %%%%%%%%%%%%%%%
@article{FRUHWIRTH1987444,
    title = "Application of Kalman filtering to track and vertex fitting",
    journal = "Nuclear Instruments and Methods in Physics Research Section A: Accelerators, Spectrometers, Detectors and Associated Equipment",
    volume = "262",
    number = "2",
    pages = "444 - 450",
    year = "1987",
    issn = "0168-9002",
    doi = "https://doi.org/10.1016/0168-9002(87)90887-4",
    url = "http://www.sciencedirect.com/science/article/pii/0168900287908874",
    author = "R. Fruhwirth"
}
@article{Chatrchyan:2012xi,
      author         = "Chatrchyan, Serguei and others",
      title          = "{Performance of CMS muon reconstruction in $pp$ collision
                        events at $\sqrt{s}=7$ TeV}",
      collaboration  = "CMS",
      journal        = "JINST",
      volume         = "7",
      pages          = "P10002",
      doi            = "10.1088/1748-0221/7/10/P10002",
      year           = "2012",
      eprint         = "1206.4071",
      archivePrefix  = "arXiv",
      primaryClass   = "physics.ins-det",
      reportNumber   = "CMS-MUO-10-004, CERN-PH-EP-2012-173",
      SLACcitation   = "%%CITATION = ARXIV:1206.4071;%%"
}
@article{Goh:2014tra,
      author         = "Goh, J. and others",
      title          = "{CMS RPC tracker muon reconstruction}",
      booktitle      = "{Proceedings, 12th Workshop on Resistive Plate Chambers
                        and Related Detectors: Beijing, China, 23-28 Feb 2014}",
      collaboration  = "CMS",
      journal        = "JINST",
      volume         = "9",
      year           = "2014",
      number         = "10",
      pages          = "C10027",
      doi            = "10.1088/1748-0221/9/10/C10027",
      SLACcitation   = "%%CITATION = JINST,9,C10027;%%"
}
@article{CMS-DP-2017-007,
      title         = "{Muon Identification and Isolation efficiency on full 2016
                       dataset}",
      collaboration = "CMS Collaboration",
      month         = "Mar",
      year          = "2017",
      reportNumber  = "CMS-DP-2017-007",
      url           = "https://cds.cern.ch/record/2257968",
}

%%%%%%%%%%%%%%%%% Electron Reconstruction %%%%%%%%%%%%%%%
@techreport{CMS-PAS-PFT-09-001,
      title         = "{Particle-Flow Event Reconstruction in CMS and Performance
                       for Jets, Taus, and MET}",
      institution   = "CERN",
      collaboration = "CMS Collaboration",
      address       = "Geneva",
      number        = "CMS-PAS-PFT-09-001",
      month         = "Apr",
      year          = "2009",
      reportNumber  = "CMS-PAS-PFT-09-001",
      url           = "https://cds.cern.ch/record/1194487",
}
@techreport{CMS-PAS-PFT-10-001,
       title         = "{Commissioning of the Particle-flow Event Reconstruction
                        with the first LHC collisions recorded in the CMS
                        detector}",
       institution   = "CERN",
       collaboration = "CMS Collaboration",
       number        = "CMS-PAS-PFT-10-001",
       year          = "2010",
       reportNumber  = "CMS-PAS-PFT-10-001",
       url           = "http://cds.cern.ch/record/1247373"
}
%%% contains utf-8, see: https://inspirehep.net/info/faq/general#utf8
%%% add \usepackage[utf8]{inputenc} to your latex preamble
@article{Khachatryan:2015hwa,
      author         = "Khachatryan, Vardan and others",
      title          = "{Performance of Electron Reconstruction and Selection
			with the CMS Detector in Proton-Proton Collisions at 
			$\sqrt{s}$ = 8 TeV}",
      collaboration  = "CMS",
      journal        = "JINST",
      volume         = "10",
      year           = "2015",
      number         = "06",
      pages          = "P06005",
      doi            = "10.1088/1748-0221/10/06/P06005",
      eprint         = "1502.02701",
      archivePrefix  = "arXiv",
      primaryClass   = "physics.ins-det",
      reportNumber   = "CMS-EGM-13-001, CERN-PH-EP-2015-004",
      SLACcitation   = "%%CITATION = ARXIV:1502.02701;%%"
}
%%%%%%%%%%%%%%%%%% Jet Reconstruction %%%%%%%%%%%%%%%%
@article{Polyakov:1976fu,
      author         = "Polyakov, Alexander M.",
      title          = "{Quark Confinement and Topology of Gauge Groups}",
      journal        = "Nucl. Phys.",
      volume         = "B120",
      year           = "1977",
      pages          = "429-458",
      doi            = "10.1016/0550-3213(77)90086-4",
      reportNumber   = "NORDITA-76/33",
      SLACcitation   = "%%CITATION = NUPHA,B120,429;%%"
}
@Article{Cacciari:2008gp, 
     AUTHOR    = "Cacciari, Matteo and Salam, Gavin P. and Soyez, Gregory", 
     TITLE     = "The anti-$k_t$ jet clustering algorithm", 
     JOURNAL   = "JHEP", 
     VOLUME    = "04", 
     YEAR      = "2008", 
     PAGES     = "063", 
     doi       = "10.1088/1126-6708/2008/04/063", 
     eprint         = "0802.1189", 
     archivePrefix  = "arXiv", 
     primaryClass   = "hep-ex" 
} 
@article{Khachatryan:2016kdb,
      author         = "Khachatryan, Vardan and others",
      title          = "{Jet energy scale and resolution in the CMS experiment in
                        pp collisions at 8 TeV}",
      collaboration  = "CMS",
      journal        = "JINST",
      volume         = "12",
      year           = "2017",
      number         = "02",
      pages          = "P02014",
      doi            = "10.1088/1748-0221/12/02/P02014",
      eprint         = "1607.03663",
      archivePrefix  = "arXiv",
      primaryClass   = "hep-ex",
      reportNumber   = "CMS-JME-13-004, CERN-PH-EP-2015-305",
      SLACcitation   = "%%CITATION = ARXIV:1607.03663;%%"
}
@techreport{CMS-PAS-JME-14-001,
      title         = "{Pileup Removal Algorithms}",
      institution   = "CERN",
      collaboration = "CMS Collaboration",
      address       = "Geneva",
      number        = "CMS-PAS-JME-14-001",
      year          = "2014",
      reportNumber  = "CMS-PAS-JME-14-001",
      url           = "https://cds.cern.ch/record/1751454"
}

%%%%%%%%%%%%%%%%%%% Btagging %%%%%%%%%%%%%%%%%%%%%%
@article{Ferro:2012tg,
      author         = "Ferro, Cristina",
      title          = "{B-tagging in CMS}",
      booktitle      = "{Proceedings, Symposium on Hadron Collider Physics
                        Symposium 2011 (HCP 2011): Paris, France, November 14-18,
                        2011}",
      journal        = "EPJ Web Conf.",
      volume         = "28",
      year           = "2012",
      pages          = "12055",
      doi            = "10.1051/epjconf/20122812055",
      eprint         = "1201.5292",
      archivePrefix  = "arXiv",
      primaryClass   = "hep-ex",
      SLACcitation   = "%%CITATION = ARXIV:1201.5292;%%"
}

@techreport{CMS-PAS-BTV-11-001,
      title         = "{Performance of the b-jet identification in CMS}",
      institution   = "CERN",
      collaboration = "CMS Collaboration",
      address       = "Geneva",
      number        = "CMS-PAS-BTV-11-001",
      year          = "2011",
      reportNumber  = "CMS-PAS-BTV-11-001",
      url           = "https://cds.cern.ch/record/1366061"
}

@article{Chatrchyan:2012jua,
      author         = "Chatrchyan, Serguei and others",
      title          = "{Identification of b-quark jets with the CMS experiment}",
      collaboration  = "CMS",
      journal        = "JINST",
      volume         = "8",
      year           = "2013",
      pages          = "P04013",
      doi            = "10.1088/1748-0221/8/04/P04013",
      eprint         = "1211.4462",
      archivePrefix  = "arXiv",
      primaryClass   = "hep-ex",
      reportNumber   = "CMS-BTV-12-001, CERN-PH-EP-2012-262",
      SLACcitation   = "%%CITATION = ARXIV:1211.4462;%%"
}

@techreport{CMS-PAS-BTV-15-001,
      title         = "{Identification of b quark jets at the CMS Experiment in
                       the LHC Run 2}",
      institution   = "CERN",
      collaboration = "CMS Collaboration",
      address       = "Geneva",
      number        = "CMS-PAS-BTV-15-001",
      year          = "2016",
      reportNumber  = "CMS-PAS-BTV-15-001",
      url           = "https://cds.cern.ch/record/2138504"
}

@techreport{Waltenberger:1166320,
      author        = "Waltenberger, Wolfgang",
      title         = "{Adaptive Vertex Reconstruction}",
      institution   = "CERN",
      address       = "Geneva",
      number        = "CMS-NOTE-2008-033",
      month         = "Jul",
      year          = "2008",
      reportNumber  = "CMS-NOTE-2008-033",
      url           = "http://cds.cern.ch/record/1166320"
}

@article{Khachatryan:2011wq,
      author         = "Khachatryan, Vardan and others",
      title          = "{Measurement of $B\bar{B}$ Angular Correlations based on
                        Secondary Vertex Reconstruction at $\sqrt{s}=7$ TeV}",
      collaboration  = "CMS",
      journal        = "JHEP",
      volume         = "03",
      year           = "2011",
      pages          = "136",
      doi            = "10.1007/JHEP03(2011)136",
      eprint         = "1102.3194",
      archivePrefix  = "arXiv",
      primaryClass   = "hep-ex",
      reportNumber   = "CERN-PH-EP-10-093, CMS-BPH-10-010",
      SLACcitation   = "%%CITATION = ARXIV:1102.3194;%%"
}

%%%%%%%%%%%%%%%%% C-Tagging %%%%%%%%%%%%%%%%%%%%%%
@techreport{CMS-PAS-BTV-16-001,
      title         = "{Identification of c-quark jets at the CMS experiment}",
      institution   = "CERN",
      collaboration = "CMS Collaboration",
      address       = "Geneva",
      number        = "CMS-PAS-BTV-16-001",
      year          = "2016",
      reportNumber  = "CMS-PAS-BTV-16-001",
      url           = "http://cds.cern.ch/record/2205149"
}
@article{Sirunyan:2017ezt,
      author         = "Sirunyan, A. M. and others",
      title          = "{Identification of heavy-flavour jets with the CMS
                        detector in pp collisions at 13 TeV}",
      collaboration  = "CMS",
      journal        = "JINST",
      volume         = "13",
      year           = "2018",
      number         = "05",
      pages          = "P05011",
      doi            = "10.1088/1748-0221/13/05/P05011",
      eprint         = "1712.07158",
      archivePrefix  = "arXiv",
      primaryClass   = "physics.ins-det",
      reportNumber   = "CMS-BTV-16-002, CERN-EP-2017-326",
      SLACcitation   = "%%CITATION = ARXIV:1712.07158;%%"
}
%%%%%%%%%%%%%%% Top-Pt reweighting %%%%%%%%%%%%%%%
@article{Czakon:2015owf,
      author         = "Czakon, Michal and Heymes, David and Mitov, Alexander",
      title          = "{High-precision differential predictions for top-quark
                        pairs at the LHC}",
      journal        = "Phys. Rev. Lett.",
      volume         = "116",
      year           = "2016",
      number         = "8",
      pages          = "082003",
      doi            = "10.1103/PhysRevLett.116.082003",
      eprint         = "1511.00549",
      archivePrefix  = "arXiv",
      primaryClass   = "hep-ph",
      reportNumber   = "CAVENDISH-HEP-15-10, TTK-15-34",
      SLACcitation   = "%%CITATION = ARXIV:1511.00549;%%"
}

@article{Kidonakis:2012rm,
      author         = "Kidonakis, Nikolaos",
      title          = "{NNLL threshold resummation for top-pair and single-top
                        production}",
      journal        = "Phys. Part. Nucl.",
      volume         = "45",
      year           = "2014",
      number         = "4",
      pages          = "714-722",
      doi            = "10.1134/S1063779614040091",
      eprint         = "1210.7813",
      archivePrefix  = "arXiv",
      primaryClass   = "hep-ph",
      SLACcitation   = "%%CITATION = ARXIV:1210.7813;%%"
}

@techreport{CMS-PAS-TOP-16-011,
      title         = "{Measurement of the differential cross section for
                       $\mathrm{t \bar t}$ production in the dilepton final state
                       at $\sqrt{s}=13~\mathrm{TeV}$}",
      institution   = "CERN",
      collaboration = "CMS Collaboration",
      address       = "Geneva",
      number        = "CMS-PAS-TOP-16-011",
      year          = "2016",
      reportNumber  = "CMS-PAS-TOP-16-011",
      url           = "https://cds.cern.ch/record/2140061"
}

@techreport{CMS-PAS-TOP-16-008,
      title         = "{Measurement of the inclusive and differential tt
                       production cross sections in lepton + jets final states at
                       13 TeV}",
      institution   = "CERN",
      collaboration = "CMS Collaboration",
      address       = "Geneva",
      number        = "CMS-PAS-TOP-16-008",
      year          = "2016",
      reportNumber  = "CMS-PAS-TOP-16-008",
      url           = "https://cds.cern.ch/record/2141097"
}
%%%%%%%%%%%%%%%%%%%%%%% Filters and Triggers %%%%%%%%%%%
@misc{metFilters,
     title="{MET Filter Recommendations for Run II.}", 
     howpublished =
     {\url{https://twiki.cern.ch/twiki/bin/viewauth/CMS/MissingETOptionalFiltersRun2#2016_data}}
}
@misc{eleTrigEff,
     title="{Electron Triggers Efficiencies with 2016 data.}", 
     howpublished =
     {\url{https://indico.cern.ch/event/570560/contributions/2389651/attachments/1380332/2098249/EGMTriggers_Approval_v2.pdf}}
}

%%%%%%%%%%%%%%%%% B/C -mistag scale factors %%%%%%%%%%%%
@misc{HplusBR,
     title="{A search of charged Higgs in the decay products of pair-produced top quarks.}", 
     howpublished =
     {\url{https://www-cdf.fnal.gov/physics/new/top/2005/ljets/charged_higgs/higgs/V2/HiggsAnalysis_publicV2.html}}
}
@article{Sirunyan:2018fpa,
      author         = "Sirunyan, A. M. and others",
      title          = "{Performance of the CMS muon detector and muon
                        reconstruction with proton-proton collisions at
                        $\sqrt{s}=$ 13 TeV}",
      collaboration  = "CMS",
      journal        = "JINST",
      volume         = "13",
      year           = "2018",
      number         = "06",
      pages          = "P06015",
      doi            = "10.1088/1748-0221/13/06/P06015",
      eprint         = "1804.04528",
      archivePrefix  = "arXiv",
      primaryClass   = "physics.ins-det",
      reportNumber   = "CMS-MUO-16-001, CERN-EP-2018-058",
      SLACcitation   = "%%CITATION = ARXIV:1804.04528;%%"
}
@misc{BTagSFMethods,
      title         = "{Methods to apply b-tagging efficiency scale factors}",
      howpublished = {\url{https://twiki.cern.ch/twiki/bin/viewauth/CMS/BTagSFMethods}}
}

@misc{BTagReco,
      title         = "{Usage of b/c Tag Objects for 13 TeV Data in 2016 and 80X MC}",
      howpublished = {\url{https://twiki.cern.ch/twiki/bin/viewauth/CMS/BtagRecommendation80XReReco}}
}
@misc{BTagCalib,
      title         = "{BTagCalibration Documentation}",
      howpublished = {\url{https://twiki.cern.ch/twiki/bin/view/CMS/BTagCalibration}}
}
%Rochester correction
@article{Bodek:2012id,
      author         = "Bodek, A. and van Dyne, A. and Han, J. Y. and Sakumoto,
                        W. and Strelnikov, A.",
      title          = "{Extracting Muon Momentum Scale Corrections for Hadron
                        Collider Experiments}",
      journal        = "Eur. Phys. J.",
      volume         = "C72",
      year           = "2012",
      pages          = "2194",
      doi            = "10.1140/epjc/s10052-012-2194-8",
      eprint         = "1208.3710",
      archivePrefix  = "arXiv",
      primaryClass   = "hep-ex",
      SLACcitation   = "%%CITATION = ARXIV:1208.3710;%%"
}
@misc{TopPtReweight,
      title         = "{pt(top-quark) based reweighting of ttbar MC}",
      howpublished = {\url{https://twiki.cern.ch/twiki/bin/viewauth/CMS/TopPtReweighting}}
}
@misc{eleSF,
      title         = "{Electron efficiencies and scale factors}",
      howpublished =
      {\url{https://twiki.cern.ch/twiki/bin/view/CMS/EgammaIDRecipesRun2#Efficiencies_and_scale_factors}}
}
@misc{muSF,
      title         = "{Muon efficiencies and scale factors}",
      howpublished =
      {\url{https://twiki.cern.ch/twiki/bin/viewauth/CMS/MuonWorkInProgressAndPagResults}}
}
@misc{HiggsXSS,
      title         = "{SM Higgs production cross sections at sqrt(s) = 13 TeV}",
      howpublished = {\url{https://twiki.cern.ch/twiki/bin/view/LHCPhysics/CERNYellowReportPageAt13TeV}}
}

%%%%%%%%%%%%%% systematics %%%%%%%%%%%%%%%%%%%
%lumi
@techreport{CMS-PAS-LUM-17-001,
      title         = "{CMS Luminosity Measurements for the 2016 Data Taking
                       Period}",
      institution   = "CERN",
      collaboration = "CMS Collaboration",
      address       = "Geneva",
      number        = "CMS-PAS-LUM-17-001",
      year          = "2017",
      reportNumber  = "CMS-PAS-LUM-17-001",
      url           = "https://cds.cern.ch/record/2257069"
}


%------------------ 
@techreport{CMS-NOTE-2011-005,
      title         = "{Procedure for the LHC Higgs boson search combination in
                       Summer 2011}",
      institution   = "CERN",
      collaboration = "The ATLAS Collaboration, The CMS Collaboration, The LHC
                       Higgs Combination Group",
      address       = "Geneva",
      number        = "CMS-NOTE-2011-005. ATL-PHYS-PUB-2011-11",
      month         = "Aug",
      year          = "2011"
}
@ARTICLE{c:pft-09-001,
     collaboration = "CMS",
     TITLE        = "Particle flow event reconstruction in CMS and performance for jets, taus, and $E^{miss}_T$",
     JOURNAL     = "CMS Physics Analysis Summary",
     VOLUME      = "{PAS-PFT-09-001}",
     YEAR        = "2009"
}

@ARTICLE{pas:b-jet,
     collaboration = "CMS",
     TITLE        = "b-Jet Identification in the CMS Experiment ",
     JOURNAL     = "CMS Physics Analysis Summary",
     VOLUME      = "{PAS-PFT-11-004}",
     YEAR        = "2011"
}
@ARTICLE{an:2011_037,
       AUTHOR        = "{Stijn Blyweert. and others}",
       COLLABORATION = {CMS},
       TITLE         = "Combined measurement of the top quark mass",
       JOURNAL       = "CMS Analysis Note",
       VOLUME        = "{AN-11-037}",
       YEAR          = "2011"
}

@ARTICLE{an:2013_065,
       AUTHOR        = "{G.Kole and others}",
       COLLABORATION = {CMS},
       TITLE         = "Search for low mass charged Higgs boson decays to c$\bar{s}$",
       JOURNAL       = "CMS Analysis Note",
       VOLUME        = "{AN-13-065}",
       YEAR          = "2013"
}


@ARTICLE{ref:met-twiki,
       COLLABORATION = {CMS},
       TITLE         = "\href{https://twiki.cern.ch/twiki/bin/view/CMSPublic/WorkBookMetAnalysis}{https://twiki.cern.ch/twiki/bin/view/CMSPublic/WorkBookMetAnalysis}",
       JOURNAL       = "CMS Twiki",
       VOLUME        = "",
       YEAR          = ""
}
@ARTICLE{an:hptotau-an-11-422,
       AUTHOR        = "{A. Nayak. and others}",
       COLLABORATION = {CMS},
       TITLE         = "Search for the charged Higgs boson in the decays of top pairs in pp collisions $\sqrt{s}$ = 7 TeV",
       JOURNAL       = "CMS Analysis Note",
       VOLUME        = "{AN-2011/422}",
       YEAR          = "2011"
}

@ARTICLE{ref:toppt-twiki,
       COLLABORATION = {CMS},
       TITLE         = "\href{https://twiki.cern.ch/twiki/bin/viewauth/CMS/TopPtReweighting}{https://twiki.cern.ch/twiki/bin/viewauth/CMS/TopPtReweighting}",
       JOURNAL       = "CMS Twiki",
       VOLUME        = "",
       YEAR          = ""
}

@ARTICLE{ref:muon-twiki,
       COLLABORATION = {CMS},
       TITLE         =
           "\href{https://twiki.cern.ch/twiki/bin/view/CMS/MuonReferenceEffsRun2}{https://twiki.cern.ch/twiki/bin/view/CMS/MuonReferenceEffsRun2}",
       JOURNAL       = "CMS Twiki", 
       VOLUME        = "", 
       YEAR          = "" 
} 

@techreport{CMS-PAS-EGM-10-001,
      title         = "{Electromagnetic physics objects commissioning with first
                       LHC data}",
      institution   = "CERN",
      collaboration = "CMS",
      address       = "2010. Geneva",
      number        = "CMS-PAS-EGM-10-001",
      year          = "2010",
}

@ARTICLE{ref:eid-twiki, 
       COLLABORATION = {CMS}, 
       TITLE         = "\href{https://twiki.cern.ch/twiki/bin/viewauth/CMS/EgammaCutBasedIdentification}{https://twiki.cern.ch/twiki/bin/viewauth/CMS/EgammaCutBasedIdentification}", 
       JOURNAL       = "CMS Twiki",  
       VOLUME        = "",  
       YEAR          = "2014"  
}

@ARTICLE{an:an-13-383,
       AUTHOR        = "{The CMS Collaboration}",
       COLLABORATION = {CMS},
       TITLE         = "Measurement of the top-quark mass in $t\bar{t}$ events with lepton+jets final states in pp collisions at $\sqrt{s}$ = 8 TeV",
       JOURNAL       = "CMS Analysis Note",
       VOLUME        = "{AN-2013/383}",
       YEAR          = "2013"
}

@article{Cowan:2010js,
      author         = "Cowan, Glen and Cranmer, Kyle and Gross, Eilam and
                        Vitells, Ofer",
      title          = "{Asymptotic formulae for likelihood-based tests of new
                        physics}",
      journal        = "Eur.Phys.J.",
      volume         = "C71",
      pages          = "1554",
      doi            = "10.1140/epjc/s10052-011-1554-0,
                        10.1140/epjc/s10052-013-2501-z",
      year           = "2011",
      eprint         = "1007.1727",
      archivePrefix  = "arXiv",
      primaryClass   = "physics.data-an",
      SLACcitation   = "%%CITATION = ARXIV:1007.1727;%%",
}

@article{ks1, 
       author         = "Kolmogorov, A.", 
       title          = "{Sulla determinazione empirica di una legge di distribuzione}",
       journal        = "G. Ist. Ital. Attuari.", 
       volume         = "4", 
       year           = "1933", 
       pages          = "83-91", 
}

@article{smirnov1948, 
       author = "Smirnov, N.", 
       doi = "10.1214/aoms/1177730256",
       fjournal = "The Annals of Mathematical Statistics",
       journal = "Ann. Math. Statist.",
       month = "06",
       number = "2",
       pages = "279--281",
       publisher = "The Institute of Mathematical Statistics",
       title = "Table for Estimating the Goodness of Fit of Empirical Distributions",
       url = "http://dx.doi.org/10.1214/aoms/1177730256",
       volume = "19",
       year = "1948"
}

@article{anderson1952,
     author = "Anderson, T. W. and Darling, D. A.",
     doi = "10.1214/aoms/1177729437",
     fjournal = "The Annals of Mathematical Statistics",
     journal = "Ann. Math. Statist.",
     month = "06",
     number = "2",
     pages = "193--212",
     publisher = "The Institute of Mathematical Statistics",
     title = "Asymptotic Theory of Certain Goodness of Fit Criteria Based on Stochastic Processes",
     url = "http://dx.doi.org/10.1214/aoms/1177729437",
     volume = "23",
     year = "1952"
}

@inproceedings{Conway:2011in,
       author         = "Conway, J. S.",
       title          = "{Incorporating Nuisance Parameters in Likelihoods for
                         Multisource Spectra}",
       booktitle      = "{Proceedings, PHYSTAT 2011 Workshop on Statistical Issues
                         Related to Discovery Claims in Search Experiments and
                         Unfolding, CERN,Geneva, Switzerland 17-20 January 2011}",
       year           = "2011",
       url            = "https://inspirehep.net/record/891252/files/arXiv:1103.0354.pdf", 
       pages          = "115-120",
       doi            = "10.5170/CERN-2011-006.115",
       eprint         = "1103.0354",
       archivePrefix  = "arXiv",
       primaryClass   = "physics.data-an",
       SLACcitation   = "%%CITATION = ARXIV:1103.0354;%%"
}

@article{Baker:1983tu,
      author         = "Baker, Steve and Cousins, Robert D.",
      title          = "{Clarification of the Use of Chi Square and Likelihood
                        Functions in Fits to Histograms}",
      journal        = "Nucl. Instrum. Meth.",
      volume         = "221",
      year           = "1984",
      pages          = "437-442",
      doi            = "10.1016/0167-5087(84)90016-4",
      reportNumber   = "UCLA-HEP-83-3",
      SLACcitation   = "%%CITATION = NUIMA,221,437;%%"
}
%%%%%%%%%%%%%%%%%% best reference on limit
@article{ATLAS:2011tau,
      title          = "{Procedure for the LHC Higgs boson search combination in
                        summer 2011}",
      collaboration  = "ATLAS, CMS, LHC Higgs Combination Group",
      year           = "2011",
      reportNumber   = "ATL-PHYS-PUB-2011-011, CMS-NOTE-2011-005",
      SLACcitation   = "%%CITATION = ATL-PHYS-PUB-2011-011;%%"
}
@article{Sanyal:2019xcp,
      author         = "Sanyal, Prasenjit",
      title          = "{Limits on the Charged Higgs Parameters in the Two Higgs
                        Doublet Model using CMS $\sqrt{s}=13$ TeV Results}",
      year           = "2019",
      eprint         = "1906.02520",
      archivePrefix  = "arXiv",
      primaryClass   = "hep-ph",
      SLACcitation   = "%%CITATION = ARXIV:1906.02520;%%"
}
@article{Djouadi:1997yw,
      author         = "Djouadi, A. and Kalinowski, J. and Spira, M.",
      title          = "{HDECAY: A Program for Higgs boson decays in the standard
                        model and its supersymmetric extension}",
      journal        = "Comput. Phys. Commun.",
      volume         = "108",
      year           = "1998",
      pages          = "56-74",
      doi            = "10.1016/S0010-4655(97)00123-9",
      eprint         = "hep-ph/9704448",
      archivePrefix  = "arXiv",
      primaryClass   = "hep-ph",
      reportNumber   = "DESY-97-079, IFT-96-29, PM-97-04",
      SLACcitation   = "%%CITATION = HEP-PH/9704448;%%"
}
