
%%%%%%%%%%%%%%%%%%%%% SM %%%%%%%%%%%%%%%%%%
@misc{scienceabc,
     title="{What Is The Smallest Particle We Know?}", 
     howpublished =
     {\url{https://www.scienceabc.com/nature/universe/what-is-the-smallest-particle-we-know.html}}
}
@misc{wikiSM,
     title="{Standard Model}", 
     howpublished =
     {\url{https://en.wikipedia.org/wiki/Standard_Model}}
}
@book{Griffiths:111880,
      author        = "Griffiths, David J",
      title         = "{Introduction to elementary particles; 2nd rev. version}",
      publisher     = "Wiley",
      address       = "New York, NY",
      series        = "Physics textbook",
      year          = "2008",
      url           = "https://cds.cern.ch/record/111880",
}
% Noether theorem
@article{Noether:1918zz,
      author         = "Noether, Emmy",
      title          = "{Invariant Variation Problems}",
      journal        = "Gott. Nachr.",
      volume         = "1918",
      year           = "1918",
      pages          = "235-257",
      doi            = "10.1080/00411457108231446",
      note           = "[Transp. Theory Statist. Phys.1,186(1971)]",
      eprint         = "physics/0503066",
      archivePrefix  = "arXiv",
      primaryClass   = "physics",
      SLACcitation   = "%%CITATION = PHYSICS/0503066;%%"
}
%%SSB
@article{PhysRev.127.965,
  title = {Broken Symmetries},
  author = {Goldstone, Jeffrey and Salam, Abdus and Weinberg, Steven},
  journal = {Phys. Rev.},
  volume = {127},
  issue = {3},
  pages = {965--970},
  numpages = {0},
  year = {1962},
  month = {Aug},
  publisher = {American Physical Society},
  doi = {10.1103/PhysRev.127.965},
  url = {https://link.aps.org/doi/10.1103/PhysRev.127.965}
}
%Higs Mechanism
@article{PhysRevLett.13.321,
  title = {Broken Symmetry and the Mass of Gauge Vector Mesons},
  author = {Englert, F. and Brout, R.},
  journal = {Phys. Rev. Lett.},
  volume = {13},
  issue = {9},
  pages = {321--323},
  numpages = {0},
  year = {1964},
  month = {Aug},
  publisher = {American Physical Society},
  doi = {10.1103/PhysRevLett.13.321},
  url = {https://link.aps.org/doi/10.1103/PhysRevLett.13.321}
}
@article{HIGGS1964132,
title = "Broken symmetries, massless particles and gauge fields",
journal = "Physics Letters",
volume = "12",
number = "2",
pages = "132 - 133",
year = "1964",
issn = "0031-9163",
doi = "https://doi.org/10.1016/0031-9163(64)91136-9",
url = "http://www.sciencedirect.com/science/article/pii/0031916364911369",
author = "P.W. Higgs"
}

@phdthesis{Isildak:2013kfa,
      author         = "Isildak, Bora",
      title          = "{Measurement of the differential dijet production cross
                        section in proton-proton collisions at $\sqrt{s} = 7$
                        tev}",
      school         = "Bogazici U.",
      year           = "2011",
      eprint         = "1308.6064",
      archivePrefix  = "arXiv",
      primaryClass   = "hep-ex",
      SLACcitation   = "%%CITATION = ARXIV:1308.6064;%%"
}
@article{PhysRevLett.13.508,
  title = {Broken Symmetries and the Masses of Gauge Bosons},
  author = {Higgs, Peter W.},
  journal = {Phys. Rev. Lett.},
  volume = {13},
  issue = {16},
  pages = {508--509},
  numpages = {0},
  year = {1964},
  month = {Oct},
  publisher = {American Physical Society},
  doi = {10.1103/PhysRevLett.13.508},
  url = {https://link.aps.org/doi/10.1103/PhysRevLett.13.508}
}
@article{PhysRevLett.13.585,
  title = {Global Conservation Laws and Massless Particles},
  author = {Guralnik, G. S. and Hagen, C. R. and Kibble, T. W. B.},
  journal = {Phys. Rev. Lett.},
  volume = {13},
  issue = {20},
  pages = {585--587},
  numpages = {0},
  year = {1964},
  month = {Nov},
  publisher = {American Physical Society},
  doi = {10.1103/PhysRevLett.13.585},
  url = {https://link.aps.org/doi/10.1103/PhysRevLett.13.585}
}
@article{PhysRev.145.1156,
  title = {Spontaneous Symmetry Breakdown without Massless Bosons},
  author = {Higgs, Peter W.},
  journal = {Phys. Rev.},
  volume = {145},
  issue = {4},
  pages = {1156--1163},
  numpages = {0},
  year = {1966},
  month = {May},
  publisher = {American Physical Society},
  doi = {10.1103/PhysRev.145.1156},
  url = {https://link.aps.org/doi/10.1103/PhysRev.145.1156}
}
@article{PhysRev.155.1554,
  title = {Symmetry Breaking in Non-Abelian Gauge Theories},
  author = {Kibble, T. W. B.},
  journal = {Phys. Rev.},
  volume = {155},
  issue = {5},
  pages = {1554--1561},
  numpages = {0},
  year = {1967},
  month = {Mar},
  publisher = {American Physical Society},
  doi = {10.1103/PhysRev.155.1554},
  url = {https://link.aps.org/doi/10.1103/PhysRev.155.1554}
}
%CKM
@article{PhysRevLett.10.531,
  title = {Unitary Symmetry and Leptonic Decays},
  author = {Cabibbo, Nicola},
  journal = {Phys. Rev. Lett.},
  volume = {10},
  issue = {12},
  pages = {531--533},
  numpages = {0},
  year = {1963},
  month = {Jun},
  publisher = {American Physical Society},
  doi = {10.1103/PhysRevLett.10.531},
  url = {https://link.aps.org/doi/10.1103/PhysRevLett.10.531}
}
%CP violation
@article{10.1143/PTP.49.652,
    author = {Kobayashi, Makoto and Maskawa, Toshihide},
    title = "{CP-Violation in the Renormalizable Theory of Weak Interaction}",
    journal = {Progress of Theoretical Physics},
    volume = {49},
    number = {2},
    pages = {652-657},
    year = {1973},
    month = {02},
    abstract = "{In a framework of the renormalizable theory of weak interaction, problems of CP-violation are studied. It is concluded that no realistic models of CP-violation exist in the quartet scheme without introducing any other new fields. Some possible models of CP-violation are also discussed.}",
    issn = {0033-068X},
    doi = {10.1143/PTP.49.652},
    url = {https://doi.org/10.1143/PTP.49.652},
    eprint = {http://oup.prod.sis.lan/ptp/article-pdf/49/2/652/5257692/49-2-652.pdf},
}
%SM higgs discovery CMS+ATLAS
@article{Aad:2015zhl,
      author         = "Aad, Georges and others",
      title          = "{Combined Measurement of the Higgs Boson Mass in $pp$
                        Collisions at $\sqrt{s}=7$ and 8 TeV with the ATLAS and
                        CMS Experiments}",
      collaboration  = "ATLAS, CMS",
      journal        = "Phys. Rev. Lett.",
      volume         = "114",
      year           = "2015",
      pages          = "191803",
      doi            = "10.1103/PhysRevLett.114.191803",
      eprint         = "1503.07589",
      archivePrefix  = "arXiv",
      primaryClass   = "hep-ex",
      reportNumber   = "ATLAS-HIGG-2014-14, CMS-HIG-14-042, CERN-PH-EP-2015-075",
      SLACcitation   = "%%CITATION = ARXIV:1503.07589;%%"
}
%Dark matter
@article{Ade:2013zuv,
      author         = "Ade, P. A. R. and others",
      title          = "{Planck 2013 results. XVI. Cosmological parameters}",
      collaboration  = "Planck",
      journal        = "Astron. Astrophys.",
      volume         = "571",
      year           = "2014",
      pages          = "A16",
      doi            = "10.1051/0004-6361/201321591",
      eprint         = "1303.5076",
      archivePrefix  = "arXiv",
      primaryClass   = "astro-ph.CO",
      reportNumber   = "CERN-PH-TH-2013-129",
      SLACcitation   = "%%CITATION = ARXIV:1303.5076;%%"
}
@article{Ade:2013sjv,
      author         = "Ade, P. A. R. and others",
      title          = "{Planck 2013 results. I. Overview of products and
                        scientific results}",
      collaboration  = "Planck",
      journal        = "Astron. Astrophys.",
      volume         = "571",
      year           = "2014",
      pages          = "A1",
      doi            = "10.1051/0004-6361/201321529",
      eprint         = "1303.5062",
      archivePrefix  = "arXiv",
      primaryClass   = "astro-ph.CO",
      reportNumber   = "CERN-PH-TH-2013-115",
      SLACcitation   = "%%CITATION = ARXIV:1303.5062;%%"
}
%SUSY
@article{Martin:1997ns,
      author         = "Martin, Stephen P.",
      title          = "{A Supersymmetry primer}",
      year           = "1997",
      pages          = "1-98",
      doi            = "10.1142/9789812839657_0001, 10.1142/9789814307505_0001",
      note           = "[Adv. Ser. Direct. High Energy Phys.18,1(1998)]",
      eprint         = "hep-ph/9709356",
      archivePrefix  = "arXiv",
      primaryClass   = "hep-ph",
      reportNumber   = "FERMILAB-PUB-97-425-T",
      SLACcitation   = "%%CITATION = HEP-PH/9709356;%%"
}

%%%%%%%%%%%%%%%%%%%%%%%%%%%%%%%%%%%%%%%%%%%%% 
Earlier searches for the charged Higgs boson
%%%%%%%%%%%%%%%%%%%%%%%%%%%%%%%%%%%%%%%%%%%%% 
% Theory constraint
@article{Arhrib:2018ewj,
      author         = "Arhrib, Abdesslam and Benbrik, Rachid and Harouiz, Hicham
                        and Moretti, Stefano and Rouchad, Abdessamad",
      title          = "{A Guidebook to Hunting Charged Higgs Bosons at the LHC}",
      year           = "2018",
      eprint         = "1810.09106",
      archivePrefix  = "arXiv",
      primaryClass   = "hep-ph",
      SLACcitation   = "%%CITATION = ARXIV:1810.09106;%%"
}
%low energy searches
@article{Akeroyd:2016ymd,
      author         = "Akeroyd, A. G. and others",
      title          = "{Prospects for charged Higgs searches at the LHC}",
      journal        = "Eur. Phys. J.",
      volume         = "C77",
      year           = "2017",
      number         = "5",
      pages          = "276",
      doi            = "10.1140/epjc/s10052-017-4829-2",
      eprint         = "1607.01320",
      archivePrefix  = "arXiv",
      primaryClass   = "hep-ph",
      reportNumber   = "CERN-TH-2016-152",
      SLACcitation   = "%%CITATION = ARXIV:1607.01320;%%"
}
%high energy searches
@article{Aad:2012rjx,
      author         = "Aad, Georges and others",
      title          = "{Search for charged Higgs bosons through the violation of
                        lepton universality in $t\bar{t}$ events using $pp$
                        collision data at $\sqrt{s}=7$ TeV with the ATLAS
                        experiment}",
      collaboration  = "ATLAS",
      journal        = "JHEP",
      volume         = "03",
      year           = "2013",
      pages          = "076",
      doi            = "10.1007/JHEP03(2013)076",
      eprint         = "1212.3572",
      archivePrefix  = "arXiv",
      primaryClass   = "hep-ex",
      reportNumber   = "CERN-PH-EP-2012-347",
      SLACcitation   = "%%CITATION = ARXIV:1212.3572;%%"
}
@article{Aad:2014kga,
      author         = "Aad, Georges and others",
      title          = "{Search for charged Higgs bosons decaying via $H^{\pm}
                        \rightarrow \tau^{\pm}\nu$ in fully hadronic final states
                        using $pp$ collision data at $\sqrt{s} = 8$ TeV with the
                        ATLAS detector}",
      collaboration  = "ATLAS",
      journal        = "JHEP",
      volume         = "03",
      year           = "2015",
      pages          = "088",
      doi            = "10.1007/JHEP03(2015)088",
      eprint         = "1412.6663",
      archivePrefix  = "arXiv",
      primaryClass   = "hep-ex",
      reportNumber   = "CERN-PH-EP-2014-274",
      SLACcitation   = "%%CITATION = ARXIV:1412.6663;%%"
}
@article{Aaboud:2016dig,
      author         = "Aaboud, Morad and others",
      title          = "{Search for charged Higgs bosons produced in association
                        with a top quark and decaying via $H^{\pm} \rightarrow
                        \tau\nu$ using $pp$ collision data recorded at $\sqrt{s} =
                        13$ TeV by the ATLAS detector}",
      collaboration  = "ATLAS",
      journal        = "Phys. Lett.",
      volume         = "B759",
      year           = "2016",
      pages          = "555-574",
      doi            = "10.1016/j.physletb.2016.06.017",
      eprint         = "1603.09203",
      archivePrefix  = "arXiv",
      primaryClass   = "hep-ex",
      reportNumber   = "CERN-EP-2016-056",
      SLACcitation   = "%%CITATION = ARXIV:1603.09203;%%"
}
@article{ATLAS:2016grc,
      author         = "The ATLAS collaboration",
      title          = "{Search for charged Higgs bosons in the $\tau$+jets final
                        state using 14.7 $fb^{-1}$ of pp collision data recorded at
                        $\sqrt{s}=13$ TeV with the ATLAS experiment}",
      collaboration  = "ATLAS",
      year           = "2016",
      reportNumber   = "ATLAS-CONF-2016-088",
      SLACcitation   = "%%CITATION = ATLAS-CONF-2016-088;%%"
}
@article{Aaboud:2018gjj,
      author         = "Aaboud, Morad and others",
      title          = "{Search for charged Higgs bosons decaying via $H^{\pm}
                        \rightarrow \tau^{\pm}\nu_{\tau}$ in the $\tau$+jets and
                        $\tau$+lepton final states with 36 fb$^{-1}$ of $pp$
                        collision data recorded at $\sqrt{s} = 13$ TeV with the
                        ATLAS experiment}",
      collaboration  = "ATLAS",
      journal        = "JHEP",
      volume         = "09",
      year           = "2018",
      pages          = "139",
      doi            = "10.1007/JHEP09(2018)139",
      eprint         = "1807.07915",
      archivePrefix  = "arXiv",
      primaryClass   = "hep-ex",
      reportNumber   = "CERN-EP-2018-148",
      SLACcitation   = "%%CITATION = ARXIV:1807.07915;%%"
}
@article{Sirunyan:2018dvm,
      author         = "Sirunyan, Albert M and others",
      title          = "{Search for a charged Higgs boson decaying to charm and
                        bottom quarks in proton-proton collisions at $ \sqrt{s}=8
                        $ TeV}",
      collaboration  = "CMS",
      journal        = "JHEP",
      volume         = "11",
      year           = "2018",
      pages          = "115",
      doi            = "10.1007/JHEP11(2018)115",
      eprint         = "1808.06575",
      archivePrefix  = "arXiv",
      primaryClass   = "hep-ex",
      reportNumber   = "CMS-HIG-16-030, CERN-EP-2018-121",
      SLACcitation   = "%%CITATION = ARXIV:1808.06575;%%"
}
@article{Sirunyan:2019hkq,
      author         = "Sirunyan, Albert M and others",
      title          = "{Search for charged Higgs bosons in the H$^{\pm} \rightarrow
                        \tau^{\pm}\nu_\tau$ decay channel in proton-proton
                        collisions at $\sqrt{s}=$ 13 TeV}",
      collaboration  = "CMS",
      year           = "2019",
      eprint         = "1903.04560",
      archivePrefix  = "arXiv",
      primaryClass   = "hep-ex",
      reportNumber   = "CMS-HIG-18-014, CERN-EP-2019-025",
      SLACcitation   = "%%CITATION = ARXIV:1903.04560;%%"
}
@article{CMS:1900zym,
      author         = "CMS Collaboration",
      title          = "{Search for a charged Higgs boson decaying into top and
                        bottom quarks in proton-proton collisions at 13TeV in
                        events with electrons or muons}",
      collaboration  = "CMS",
      year           = "2019",
      reportNumber   = "CMS-PAS-HIG-18-004",
      SLACcitation   = "%%CITATION = CMS-PAS-HIG-18-004;%%"
}

%%%%%%% SM Higgs
@article{Chatrchyan:2012ufa,
       author         = "Chatrchyan, Serguei and others",
       title          = "{Observation of a new boson at a mass of 125 GeV with the
                         CMS experiment at the LHC}",
       collaboration  = "CMS",
       journal        = "Phys.Lett.",
       volume         = "B716",
       pages          = "30-61",
       doi            = "10.1016/j.physletb.2012.08.021",
       year           = "2012",
       eprint         = "1207.7235",
       archivePrefix  = "arXiv",
       primaryClass   = "hep-ex",
       reportNumber   = "CMS-HIG-12-028, CERN-PH-EP-2012-220",
       SLACcitation   = "%%CITATION = ARXIV:1207.7235;%%"
}
 
@article{Aad:2012tfa,
       author         = "Aad, Georges and others",
       title          = "{Observation of a new particle in the search for the
                         Standard Model Higgs boson with the ATLAS detector at the
                         LHC}",
       collaboration  = "ATLAS",
       journal        = "Phys.Lett.",
       volume         = "B716",
       pages          = "1-29",
       doi            = "10.1016/j.physletb.2012.08.020",
       year           = "2012",
       eprint         = "1207.7214",
       archivePrefix  = "arXiv",
       primaryClass   = "hep-ex",
       reportNumber   = "CERN-PH-EP-2012-218",
       SLACcitation   = "%%CITATION = ARXIV:1207.7214;%%"
}
@article{Sushkov:2011zz,
      author         = "Sushkov, A. O. and Kim, W. J. and Dalvit, D. A. R. and
                        Lamoreaux, S. K.",
      title          = "{New Experimental Limits on Non-Newtonian Forces in the
                        Micrometer Range}",
      journal        = "Phys. Rev. Lett.",
      volume         = "107",
      year           = "2011",
      pages          = "171101",
      doi            = "10.1103/PhysRevLett.107.171101",
      eprint         = "1108.2547",
      archivePrefix  = "arXiv",
      primaryClass   = "quant-ph",
      SLACcitation   = "%%CITATION = ARXIV:1108.2547;%%"
}
@article{Bertone:2004pz,
      author         = "Bertone, Gianfranco and Hooper, Dan and Silk, Joseph",
      title          = "{Particle dark matter: Evidence, candidates and
                        constraints}",
      journal        = "Phys. Rept.",
      volume         = "405",
      year           = "2005",
      pages          = "279-390",
      doi            = "10.1016/j.physrep.2004.08.031",
      eprint         = "hep-ph/0404175",
      archivePrefix  = "arXiv",
      primaryClass   = "hep-ph",
      reportNumber   = "FERMILAB-PUB-04-047-A",
      SLACcitation   = "%%CITATION = HEP-PH/0404175;%%"
}

@article{GonzalezGarcia:2002dz,
      author         = "Gonzalez-Garcia, M. C. and Nir, Yosef",
      title          = "{Neutrino masses and mixing: Evidence and implications}",
      journal        = "Rev. Mod. Phys.",
      volume         = "75",
      year           = "2003",
      pages          = "345-402",
      doi            = "10.1103/RevModPhys.75.345",
      eprint         = "hep-ph/0202058",
      archivePrefix  = "arXiv",
      primaryClass   = "hep-ph",
      reportNumber   = "CERN-TH-2002-021, WIS-08-02-FEB-DPP",
      SLACcitation   = "%%CITATION = HEP-PH/0202058;%%"
}

@article{Canetti:2012zc,
      author         = "Canetti, Laurent and Drewes, Marco and Shaposhnikov,
                        Mikhail",
      title          = "{Matter and Antimatter in the Universe}",
      journal        = "New J. Phys.",
      volume         = "14",
      year           = "2012",
      pages          = "095012",
      doi            = "10.1088/1367-2630/14/9/095012",
      eprint         = "1204.4186",
      archivePrefix  = "arXiv",
      primaryClass   = "hep-ph",
      reportNumber   = "TTK-12-04",
      SLACcitation   = "%%CITATION = ARXIV:1204.4186;%%"
}

@inproceedings{Murayama:1994kt,
      author         = "Murayama, Hitoshi",
      title          = "{Supersymmetry}",
      booktitle      = "{22nd INS International Symposium on Physics with
                        High-energy Colliders Tokyo, Japan, March 8-10, 1994}",
      year           = "1994",
      pages          = "0357-380",
      eprint         = "hep-ph/9410285",
      archivePrefix  = "arXiv",
      primaryClass   = "hep-ph",
      reportNumber   = "LBL-36175",
      SLACcitation   = "%%CITATION = HEP-PH/9410285;%%"
}

@article{Golfand:1971iw,
       author         = "Golfand, Yu.A. and Likhtman, E.P.",
       title          = "{Extension of the Algebra of Poincare Group Generators
                         and Violation of p Invariance}",
       journal        = "JETP Lett.",
       volume         = "13",
       pages          = "323-326",
       year           = "1971",
       SLACcitation   = "%%CITATION = JTPLA,13,323;%%"
}

@article{Wess:1974tw,
       author         = "Wess, J. and Zumino, B.",
       title          = "{Supergauge Transformations in Four-Dimensions}",
       journal        = "Nucl.Phys.",
       volume         = "B70",
       pages          = "39-50",
       doi            = "10.1016/0550-3213(74)90355-1",
       year           = "1974",
       SLACcitation   = "%%CITATION = NUPHA,B70,39;%%"
}

@article{Fayet:1974pd,
       author         = "Fayet, Pierre",
       title          = "{Supergauge Invariant Extension of the Higgs Mechanism
                         and a Model for the electron and Its Neutrino}",
       journal        = "Nucl.Phys.",
       volume         = "B90",
       pages          = "104-124",
       doi            = "10.1016/0550-3213(75)90636-7",
       year           = "1975",
       reportNumber   = "PTENS-74-7",
       SLACcitation   = "%%CITATION = NUPHA,B90,104;%%"
}

@article{Fayet:1977yc,
       author         = "Fayet, Pierre",
       title          = "{Spontaneously Broken Supersymmetric Theories of Weak,
                         Electromagnetic and Strong Interactions}",
       journal        = "Phys.Lett.",
       volume         = "B69",
       pages          = "489",
       doi            = "10.1016/0370-2693(77)90852-8",
       year           = "1977",
       reportNumber   = "LPTENS 77/11",
       SLACcitation   = "%%CITATION = PHLTA,B69,489;%%"
}

@article{Vempati:2012np,
      author         = "Vempati, Sudhir K.",
      title          = "{Introduction to MSSM}",
      year           = "2012",
      eprint         = "1201.0334",
      archivePrefix  = "arXiv",
      primaryClass   = "hep-ph",
      SLACcitation   = "%%CITATION = ARXIV:1201.0334;%%"
}

@article{PhysRevD.80.015017,
  title = {Models of Yukawa interaction in the two Higgs doublet model, and their collider phenomenology},
  author = {Aoki, Mayumi and Kanemura, Shinya and Tsumura, Koji and Yagyu, Kei},
  journal = {Phys. Rev. D},
  volume = {80},
  issue = {1},
  pages = {015017},
  numpages = {17},
  year = {2009},
  month = {Jul},
  publisher = {American Physical Society},
  doi = {10.1103/PhysRevD.80.015017},
  url = {https://link.aps.org/doi/10.1103/PhysRevD.80.015017}
}

@article{Khachatryan:2015uua,
      author         = "Khachatryan, Vardan and others",
      title          = "{Search for a light charged Higgs boson decaying to $
                        \mathrm{c}\overline{\mathrm{s}} $ in pp collisions at $
                        \sqrt{s}=8 $ TeV}",
      collaboration  = "CMS",
      journal        = "JHEP",
      volume         = "12",
      year           = "2015",
      pages          = "178",
      doi            = "10.1007/JHEP12(2015)178",
      eprint         = "1510.04252",
      archivePrefix  = "arXiv",
      primaryClass   = "hep-ex",
      reportNumber   = "CMS-HIG-13-035, CERN-PH-EP-2015-266",
      SLACcitation   = "%%CITATION = ARXIV:1510.04252;%%"
}

@article{Aad:2013hla,
       author         = "Aad, Georges and others",
       title          = "{Search for a light charged Higgs boson in the decay
                         channel $H^+ \rightarrow c\bar{s}$ in $t\bar{t}$ events using pp
                         collisions at $\sqrt{s}$ = 7 TeV with the ATLAS detector}",
       collaboration  = "ATLAS",
       journal        = "Eur.Phys.J.",
       volume         = "C73",
       pages          = "2465",
       doi            = "10.1140/epjc/s10052-013-2465-z",
       year           = "2013",
       eprint         = "1302.3694",
       archivePrefix  = "arXiv",
       primaryClass   = "hep-ex",
       reportNumber   = "CERN-PH-EP-2012-338",
       SLACcitation   = "%%CITATION = ARXIV:1302.3694;%%"
}

@article{Abazov:2009aa,
       author         = "Abazov, V.M. and others",
       title          = "{Search for charged Higgs bosons in top quark decays}",
       collaboration  = "D0",
       journal        = "Phys.Lett.",
       volume         = "B682",
       pages          = "278-286",
       doi            = "10.1016/j.physletb.2009.11.016",
       year           = "2009",
       eprint         = "0908.1811",
       archivePrefix  = "arXiv",
       primaryClass   = "hep-ex",
       reportNumber   = "FERMILAB-PUB-09-393-E",
       SLACcitation   = "%%CITATION = ARXIV:0908.1811;%%"
}

@article{Aaltonen:2009ke,
       author         = "Aaltonen, T. and others",
       title          = "{Search for charged Higgs bosons in decays of top quarks
                         in p anti-p collisions at s**(1/2) = 1.96 TeV}",
       collaboration  = "CDF",
       journal        = "Phys.Rev.Lett.",
       volume         = "103",
       pages          = "101803",
       doi            = "10.1103/PhysRevLett.103.101803",
       year           = "2009",
       eprint         = "0907.1269",
       archivePrefix  = "arXiv",
       primaryClass   = "hep-ex",
       reportNumber   = "FERMILAB-PUB-09-343-E",
       SLACcitation   = "%%CITATION = ARXIV:0907.1269;%%"
}

@article{Gerber:2014xea,
      author         = "Gerber, Cecilia E. and Vellidis, Costas",
      title          = "{Review of Physics Results from the Tevatron: Top Quark
                        Physics}",
      journal        = "Submitted to: Int. J. Mod. Phys. A",
      year           = "2014",
      eprint         = "1409.5038",
      archivePrefix  = "arXiv",
      primaryClass   = "hep-ex",
      reportNumber   = "FERMILAB-PUB-14-352-E",
      SLACcitation   = "%%CITATION = ARXIV:1409.5038;%%"
}

@inproceedings{Fiorini:2012fe,
      author         = "Fiorini, Luca",
      title          = "{Top-Quark Physics Results From LHC}",
      booktitle      = "{Helmholtz Alliance Linear Collider Forum: Proceedings of
                        the Workshops Hamburg, Munich, Hamburg 2010-2012,
                        Germany}",
      organization   = "DESY",
      publisher      = "DESY",
      address        = "Hamburg",
      year           = "2013",
      url            = "http://inspirehep.net/record/1086172/files/arXiv:1201.5844.pdf",
      pages          = "38-45",
      eprint         = "1201.5844",
      archivePrefix  = "arXiv",
      primaryClass   = "hep-ex",
      reportNumber   = "ATL-PHYS-PROC-2012-029",
      SLACcitation   = "%%CITATION = ARXIV:1201.5844;%%"
}
%%%%%%%%%%%%%%%%%%%%%% Sec: Introduction %%%%%%%%%%
@article{Achard:2003gt,
      author         = "Achard, P. and others",
      title          = "{Search for charged Higgs bosons at LEP}",
      collaboration  = "L3",
      journal        = "Phys. Lett.",
      volume         = "B575",
      year           = "2003",
      pages          = "208-220",
      doi            = "10.1016/j.physletb.2003.09.057",
      eprint         = "hep-ex/0309056",
      archivePrefix  = "arXiv",
      primaryClass   = "hep-ex",
      reportNumber   = "CERN-EP-2003-054",
      SLACcitation   = "%%CITATION = HEP-EX/0309056;%%"
}

@article{Heister:2002ev,
      author         = "Heister, A. and others",
      title          = "{Search for charged Higgs bosons in $e^{+} e^{-}$
                        collisions at energies up to $\sqrt{s}$ = 209-GeV}",
      collaboration  = "ALEPH",
      journal        = "Phys. Lett.",
      volume         = "B543",
      year           = "2002",
      pages          = "1-13",
      doi            = "10.1016/S0370-2693(02)02380-8",
      eprint         = "hep-ex/0207054",
      archivePrefix  = "arXiv",
      primaryClass   = "hep-ex",
      reportNumber   = "CERN-EP-2002-054",
      SLACcitation   = "%%CITATION = HEP-EX/0207054;%%"
}

@article{Abdallah:2003wd,
      author         = "Abdallah, J. and others",
      title          = "{Search for charged Higgs bosons at LEP in general two
                        Higgs doublet models}",
      collaboration  = "DELPHI",
      journal        = "Eur. Phys. J.",
      volume         = "C34",
      year           = "2004",
      pages          = "399-418",
      doi            = "10.1140/epjc/s2004-01732-6",
      eprint         = "hep-ex/0404012",
      archivePrefix  = "arXiv",
      primaryClass   = "hep-ex",
      reportNumber   = "CERN-EP-2003-064",
      SLACcitation   = "%%CITATION = HEP-EX/0404012;%%"
}

@article{Abbiendi:2008aa,
      author         = "Abbiendi, G. and others",
      title          = "{Search for Charged Higgs Bosons in $e^+e^-$ Collisions
                        at $\sqrt{s} = 189-209$ GeV}",
      collaboration  = "OPAL",
      journal        = "Eur. Phys. J.",
      volume         = "C72",
      year           = "2012",
      pages          = "2076",
      doi            = "10.1140/epjc/s10052-012-2076-0",
      eprint         = "0812.0267",
      archivePrefix  = "arXiv",
      primaryClass   = "hep-ex",
      reportNumber   = "CERN-PH-EP-2008-016",
      SLACcitation   = "%%CITATION = ARXIV:0812.0267;%%"
}
@article{Beringer:1900zz,
      author         = "Beringer, J. and others",
      title          = "{Review of Particle Physics (RPP)}",
      collaboration  = "Particle Data Group",
      journal        = "Phys. Rev.",
      volume         = "D86",
      year           = "2012",
      pages          = "010001",
      doi            = "10.1103/PhysRevD.86.010001",
      reportNumber   = "SLAC-REPRINT-2014-001",
      SLACcitation   = "%%CITATION = PHRVA,D86,010001;%%"
}
@article{PhysRevLett.107.121802,
  title = {Precision Measurement of the Ratio $\mathcal{B}(t\ensuremath{\rightarrow}Wb)$/$\mathcal{B}(t\ensuremath{\rightarrow}Wq)$ and Extraction of ${V}_{\mathrm{tb}}$},
  author = {V. M. Abazov et al.},
  collaboration = {D0 Collaboration},
  journal = {Phys. Rev. Lett.},
  volume = {107},
  issue = {12},
  pages = {121802},
  numpages = {7},
  year = {2011},
  month = {Sep},
  publisher = {American Physical Society},
  doi = {10.1103/PhysRevLett.107.121802},
  url = {https://link.aps.org/doi/10.1103/PhysRevLett.107.121802}
}
@article{PhysRevLett.95.102002,
  title = {Measurement of $\mathcal{B}(t\ensuremath{\rightarrow}Wb)/\mathcal{B}(t\ensuremath{\rightarrow}Wq)$ at the Collider Detector at Fermilab},
  author = {D. Acosta et al.},
  collaboration = {CDF Collaboration},
  journal = {Phys. Rev. Lett.},
  volume = {95},
  issue = {10},
  pages = {102002},
  numpages = {7},
  year = {2005},
  month = {Aug},
  publisher = {American Physical Society},
  doi = {10.1103/PhysRevLett.95.102002},
  url = {https://link.aps.org/doi/10.1103/PhysRevLett.95.102002}
}
@article{Khachatryan:2014nda,
      author         = "Khachatryan, Vardan and others",
      title          = "{Measurement of the ratio $\mathcal B(t \to Wb)/\mathcal
                        B(t \to Wq)$ in pp collisions at $\sqrt{s}$ = 8 TeV}",
      collaboration  = "CMS",
      journal        = "Phys. Lett.",
      volume         = "B736",
      year           = "2014",
      pages          = "33-57",
      doi            = "10.1016/j.physletb.2014.06.076",
      eprint         = "1404.2292",
      archivePrefix  = "arXiv",
      primaryClass   = "hep-ex",
      reportNumber   = "CMS-TOP-12-035, CERN-PH-EP-2014-052",
      SLACcitation   = "%%CITATION = ARXIV:1404.2292;%%"
}
%2HDM
@article{Branco:2011iw,
      author         = "Branco, G. C. and Ferreira, P. M. and Lavoura, L. and
                        Rebelo, M. N. and Sher, Marc and Silva, Joao P.",
      title          = "{Theory and phenomenology of two-Higgs-doublet models}",
      journal        = "Phys. Rept.",
      volume         = "516",
      year           = "2012",
      pages          = "1-102",
      doi            = "10.1016/j.physrep.2012.02.002",
      eprint         = "1106.0034",
      archivePrefix  = "arXiv",
      primaryClass   = "hep-ph",
      SLACcitation   = "%%CITATION = ARXIV:1106.0034;%%"
}
@misc{wiki:cernAcc,
   author = "Wikimedia Commons",
   title = "File:Cern-accelerator-complex.svg --- Wikimedia Commons{,} the free media repository",
   year = "2019",
   url = "\url{https://commons.wikimedia.org/w/index.php?title=File:Cern-accelerator-complex.svg&oldid=346850051}",
   note = "[Online; accessed 1-August-2019]"
{ 
